%YAML 1.1
%TAG !u! tag:unity3d.com,2011:
--- !u!1 &100000
GameObject:
  m_ObjectHideFlags: 0
  m_PrefabParentObject: {fileID: 0}
  m_PrefabInternal: {fileID: 100100000}
  serializedVersion: 4
  m_Component:
  - 4: {fileID: 400000}
  - 33: {fileID: 3300000}
  - 23: {fileID: 2300000}
  - 111: {fileID: 11100000}
  - 64: {fileID: 6400004}
  m_Layer: 0
  m_Name: Book2
  m_TagString: Untagged
  m_Icon: {fileID: 0}
  m_NavMeshLayer: 0
  m_StaticEditorFlags: 0
  m_IsActive: 1
--- !u!1002 &100001
EditorExtensionImpl:
  serializedVersion: 6
--- !u!1 &100002
GameObject:
  m_ObjectHideFlags: 0
  m_PrefabParentObject: {fileID: 0}
  m_PrefabInternal: {fileID: 100100000}
  serializedVersion: 4
  m_Component:
  - 4: {fileID: 400002}
  - 33: {fileID: 3300002}
  - 23: {fileID: 2300002}
  - 111: {fileID: 11100002}
  - 64: {fileID: 6400002}
  m_Layer: 0
  m_Name: Book3
  m_TagString: Untagged
  m_Icon: {fileID: 0}
  m_NavMeshLayer: 0
  m_StaticEditorFlags: 0
  m_IsActive: 1
--- !u!1002 &100003
EditorExtensionImpl:
  serializedVersion: 6
--- !u!1 &100004
GameObject:
  m_ObjectHideFlags: 0
  m_PrefabParentObject: {fileID: 0}
  m_PrefabInternal: {fileID: 100100000}
  serializedVersion: 4
  m_Component:
  - 4: {fileID: 400004}
  - 33: {fileID: 3300004}
  - 23: {fileID: 2300004}
  - 111: {fileID: 11100004}
  - 64: {fileID: 6400000}
  m_Layer: 0
  m_Name: Book2
  m_TagString: Untagged
  m_Icon: {fileID: 0}
  m_NavMeshLayer: 0
  m_StaticEditorFlags: 0
  m_IsActive: 1
--- !u!1002 &100005
EditorExtensionImpl:
  serializedVersion: 6
--- !u!1 &100006
GameObject:
  m_ObjectHideFlags: 0
  m_PrefabParentObject: {fileID: 0}
  m_PrefabInternal: {fileID: 100100000}
  serializedVersion: 4
  m_Component:
  - 4: {fileID: 400006}
  - 33: {fileID: 3300006}
  - 23: {fileID: 2300006}
  - 111: {fileID: 11100006}
  - 64: {fileID: 6400006}
  m_Layer: 0
  m_Name: Book2
  m_TagString: Untagged
  m_Icon: {fileID: 0}
  m_NavMeshLayer: 0
  m_StaticEditorFlags: 0
  m_IsActive: 1
--- !u!1002 &100007
EditorExtensionImpl:
  serializedVersion: 6
--- !u!1 &100008
GameObject:
  m_ObjectHideFlags: 0
  m_PrefabParentObject: {fileID: 0}
  m_PrefabInternal: {fileID: 100100000}
  serializedVersion: 4
  m_Component:
  - 4: {fileID: 400008}
  - 33: {fileID: 3300008}
  - 23: {fileID: 2300008}
  - 64: {fileID: 6400008}
  - 111: {fileID: 11100008}
  m_Layer: 0
  m_Name: Book1
  m_TagString: Untagged
  m_Icon: {fileID: 0}
  m_NavMeshLayer: 0
  m_StaticEditorFlags: 0
  m_IsActive: 1
--- !u!1002 &100009
EditorExtensionImpl:
  serializedVersion: 6
--- !u!1 &100010
GameObject:
  m_ObjectHideFlags: 0
  m_PrefabParentObject: {fileID: 0}
  m_PrefabInternal: {fileID: 100100000}
  serializedVersion: 4
  m_Component:
  - 4: {fileID: 400010}
  - 33: {fileID: 3300010}
  - 23: {fileID: 2300010}
  - 64: {fileID: 6400010}
  - 111: {fileID: 11100010}
  m_Layer: 0
  m_Name: Book3
  m_TagString: Untagged
  m_Icon: {fileID: 0}
  m_NavMeshLayer: 0
  m_StaticEditorFlags: 0
  m_IsActive: 1
--- !u!1002 &100011
EditorExtensionImpl:
  serializedVersion: 6
--- !u!1 &100012
GameObject:
  m_ObjectHideFlags: 0
  m_PrefabParentObject: {fileID: 0}
  m_PrefabInternal: {fileID: 100100000}
  serializedVersion: 4
  m_Component:
  - 4: {fileID: 400012}
  - 33: {fileID: 3300012}
  - 23: {fileID: 2300012}
  - 64: {fileID: 6400012}
  - 111: {fileID: 11100012}
  m_Layer: 0
  m_Name: Book2
  m_TagString: Untagged
  m_Icon: {fileID: 0}
  m_NavMeshLayer: 0
  m_StaticEditorFlags: 0
  m_IsActive: 1
--- !u!1002 &100013
EditorExtensionImpl:
  serializedVersion: 6
--- !u!1 &100014
GameObject:
  m_ObjectHideFlags: 0
  m_PrefabParentObject: {fileID: 0}
  m_PrefabInternal: {fileID: 100100000}
  serializedVersion: 4
  m_Component:
  - 4: {fileID: 400014}
  - 33: {fileID: 3300014}
  - 23: {fileID: 2300014}
  - 64: {fileID: 6400014}
  - 111: {fileID: 11100014}
  m_Layer: 0
  m_Name: Book3
  m_TagString: Untagged
  m_Icon: {fileID: 0}
  m_NavMeshLayer: 0
  m_StaticEditorFlags: 0
  m_IsActive: 1
--- !u!1002 &100015
EditorExtensionImpl:
  serializedVersion: 6
--- !u!1 &100016
GameObject:
  m_ObjectHideFlags: 0
  m_PrefabParentObject: {fileID: 0}
  m_PrefabInternal: {fileID: 100100000}
  serializedVersion: 4
  m_Component:
  - 4: {fileID: 400016}
  - 33: {fileID: 3300016}
  - 23: {fileID: 2300016}
  - 64: {fileID: 6400016}
  - 111: {fileID: 11100016}
  m_Layer: 0
  m_Name: Book2
  m_TagString: Untagged
  m_Icon: {fileID: 0}
  m_NavMeshLayer: 0
  m_StaticEditorFlags: 0
  m_IsActive: 1
--- !u!1002 &100017
EditorExtensionImpl:
  serializedVersion: 6
--- !u!1 &100018
GameObject:
  m_ObjectHideFlags: 0
  m_PrefabParentObject: {fileID: 0}
  m_PrefabInternal: {fileID: 100100000}
  serializedVersion: 4
  m_Component:
  - 4: {fileID: 400018}
  - 33: {fileID: 3300018}
  - 23: {fileID: 2300018}
  - 111: {fileID: 11100018}
  - 64: {fileID: 6400018}
  m_Layer: 0
  m_Name: Book2
  m_TagString: Untagged
  m_Icon: {fileID: 0}
  m_NavMeshLayer: 0
  m_StaticEditorFlags: 0
  m_IsActive: 1
--- !u!1002 &100019
EditorExtensionImpl:
  serializedVersion: 6
--- !u!1 &100020
GameObject:
  m_ObjectHideFlags: 0
  m_PrefabParentObject: {fileID: 0}
  m_PrefabInternal: {fileID: 100100000}
  serializedVersion: 4
  m_Component:
  - 4: {fileID: 400020}
  - 33: {fileID: 3300020}
  - 23: {fileID: 2300020}
  - 111: {fileID: 11100020}
  - 64: {fileID: 6400024}
  m_Layer: 0
  m_Name: Book1
  m_TagString: Untagged
  m_Icon: {fileID: 0}
  m_NavMeshLayer: 0
  m_StaticEditorFlags: 0
  m_IsActive: 1
--- !u!1002 &100021
EditorExtensionImpl:
  serializedVersion: 6
--- !u!1 &100022
GameObject:
  m_ObjectHideFlags: 0
  m_PrefabParentObject: {fileID: 0}
  m_PrefabInternal: {fileID: 100100000}
  serializedVersion: 4
  m_Component:
  - 4: {fileID: 400022}
  - 33: {fileID: 3300022}
  - 23: {fileID: 2300022}
  - 111: {fileID: 11100022}
  - 64: {fileID: 6400028}
  m_Layer: 0
  m_Name: Book2
  m_TagString: Untagged
  m_Icon: {fileID: 0}
  m_NavMeshLayer: 0
  m_StaticEditorFlags: 0
  m_IsActive: 1
--- !u!1002 &100023
EditorExtensionImpl:
  serializedVersion: 6
--- !u!1 &100024
GameObject:
  m_ObjectHideFlags: 0
  m_PrefabParentObject: {fileID: 0}
  m_PrefabInternal: {fileID: 100100000}
  serializedVersion: 4
  m_Component:
  - 4: {fileID: 400024}
  - 33: {fileID: 3300024}
  - 23: {fileID: 2300024}
  - 111: {fileID: 11100024}
  - 64: {fileID: 6400022}
  m_Layer: 0
  m_Name: Book3
  m_TagString: Untagged
  m_Icon: {fileID: 0}
  m_NavMeshLayer: 0
  m_StaticEditorFlags: 0
  m_IsActive: 1
--- !u!1002 &100025
EditorExtensionImpl:
  serializedVersion: 6
--- !u!1 &100026
GameObject:
  m_ObjectHideFlags: 0
  m_PrefabParentObject: {fileID: 0}
  m_PrefabInternal: {fileID: 100100000}
  serializedVersion: 4
  m_Component:
  - 4: {fileID: 400026}
  - 33: {fileID: 3300026}
  - 23: {fileID: 2300026}
  - 111: {fileID: 11100026}
  - 64: {fileID: 6400026}
  m_Layer: 0
  m_Name: Book3
  m_TagString: Untagged
  m_Icon: {fileID: 0}
  m_NavMeshLayer: 0
  m_StaticEditorFlags: 0
  m_IsActive: 1
--- !u!1002 &100027
EditorExtensionImpl:
  serializedVersion: 6
--- !u!1 &100028
GameObject:
  m_ObjectHideFlags: 0
  m_PrefabParentObject: {fileID: 0}
  m_PrefabInternal: {fileID: 100100000}
  serializedVersion: 4
  m_Component:
  - 4: {fileID: 400028}
  - 33: {fileID: 3300028}
  - 23: {fileID: 2300028}
  - 111: {fileID: 11100028}
  - 64: {fileID: 6400020}
  m_Layer: 0
  m_Name: Book2
  m_TagString: Untagged
  m_Icon: {fileID: 0}
  m_NavMeshLayer: 0
  m_StaticEditorFlags: 0
  m_IsActive: 1
--- !u!1002 &100029
EditorExtensionImpl:
  serializedVersion: 6
--- !u!1 &100030
GameObject:
  m_ObjectHideFlags: 0
  m_PrefabParentObject: {fileID: 0}
  m_PrefabInternal: {fileID: 100100000}
  serializedVersion: 4
  m_Component:
  - 4: {fileID: 400030}
  - 33: {fileID: 3300030}
  - 23: {fileID: 2300030}
  - 111: {fileID: 11100030}
  - 64: {fileID: 6400030}
  m_Layer: 0
  m_Name: Book1
  m_TagString: Untagged
  m_Icon: {fileID: 0}
  m_NavMeshLayer: 0
  m_StaticEditorFlags: 0
  m_IsActive: 1
--- !u!1002 &100031
EditorExtensionImpl:
  serializedVersion: 6
--- !u!1 &100032
GameObject:
  m_ObjectHideFlags: 0
  m_PrefabParentObject: {fileID: 0}
  m_PrefabInternal: {fileID: 100100000}
  serializedVersion: 4
  m_Component:
  - 4: {fileID: 400032}
  - 33: {fileID: 3300032}
  - 23: {fileID: 2300032}
  - 111: {fileID: 11100032}
  - 64: {fileID: 6400040}
  m_Layer: 0
  m_Name: Book2
  m_TagString: Untagged
  m_Icon: {fileID: 0}
  m_NavMeshLayer: 0
  m_StaticEditorFlags: 0
  m_IsActive: 1
--- !u!1002 &100033
EditorExtensionImpl:
  serializedVersion: 6
--- !u!1 &100034
GameObject:
  m_ObjectHideFlags: 0
  m_PrefabParentObject: {fileID: 0}
  m_PrefabInternal: {fileID: 100100000}
  serializedVersion: 4
  m_Component:
  - 4: {fileID: 400034}
  - 33: {fileID: 3300034}
  - 23: {fileID: 2300034}
  - 111: {fileID: 11100034}
  - 64: {fileID: 6400034}
  m_Layer: 0
  m_Name: Book3
  m_TagString: Untagged
  m_Icon: {fileID: 0}
  m_NavMeshLayer: 0
  m_StaticEditorFlags: 0
  m_IsActive: 1
--- !u!1002 &100035
EditorExtensionImpl:
  serializedVersion: 6
--- !u!1 &100036
GameObject:
  m_ObjectHideFlags: 0
  m_PrefabParentObject: {fileID: 0}
  m_PrefabInternal: {fileID: 100100000}
  serializedVersion: 4
  m_Component:
  - 4: {fileID: 400036}
  - 33: {fileID: 3300036}
  - 23: {fileID: 2300036}
  - 111: {fileID: 11100036}
  - 64: {fileID: 6400038}
  m_Layer: 0
  m_Name: Book3
  m_TagString: Untagged
  m_Icon: {fileID: 0}
  m_NavMeshLayer: 0
  m_StaticEditorFlags: 0
  m_IsActive: 1
--- !u!1002 &100037
EditorExtensionImpl:
  serializedVersion: 6
--- !u!1 &100038
GameObject:
  m_ObjectHideFlags: 0
  m_PrefabParentObject: {fileID: 0}
  m_PrefabInternal: {fileID: 100100000}
  serializedVersion: 4
  m_Component:
  - 4: {fileID: 400038}
  - 33: {fileID: 3300038}
  - 23: {fileID: 2300038}
  - 111: {fileID: 11100038}
  - 64: {fileID: 6400032}
  m_Layer: 0
  m_Name: Book2
  m_TagString: Untagged
  m_Icon: {fileID: 0}
  m_NavMeshLayer: 0
  m_StaticEditorFlags: 0
  m_IsActive: 1
--- !u!1002 &100039
EditorExtensionImpl:
  serializedVersion: 6
--- !u!1 &100040
GameObject:
  m_ObjectHideFlags: 0
  m_PrefabParentObject: {fileID: 0}
  m_PrefabInternal: {fileID: 100100000}
  serializedVersion: 4
  m_Component:
  - 4: {fileID: 400040}
  - 33: {fileID: 3300040}
  - 23: {fileID: 2300040}
  - 111: {fileID: 11100040}
  - 64: {fileID: 6400036}
  m_Layer: 0
  m_Name: Book1
  m_TagString: Untagged
  m_Icon: {fileID: 0}
  m_NavMeshLayer: 0
  m_StaticEditorFlags: 0
  m_IsActive: 1
--- !u!1002 &100041
EditorExtensionImpl:
  serializedVersion: 6
--- !u!1 &100042
GameObject:
  m_ObjectHideFlags: 0
  m_PrefabParentObject: {fileID: 0}
  m_PrefabInternal: {fileID: 100100000}
  serializedVersion: 4
  m_Component:
  - 4: {fileID: 400042}
  m_Layer: 0
  m_Name: BookPile_Large
  m_TagString: Untagged
  m_Icon: {fileID: 0}
  m_NavMeshLayer: 0
  m_StaticEditorFlags: 0
  m_IsActive: 1
--- !u!1002 &100043
EditorExtensionImpl:
  serializedVersion: 6
--- !u!4 &400000
Transform:
  m_ObjectHideFlags: 1
  m_PrefabParentObject: {fileID: 0}
  m_PrefabInternal: {fileID: 100100000}
  m_GameObject: {fileID: 100000}
  m_LocalRotation: {x: .0327224992, y: .172975168, z: -.0061857719, w: .984363079}
  m_LocalPosition: {x: .379218608, y: .0235185623, z: .739874065}
  m_LocalScale: {x: .00200000079, y: .000299999985, z: .00300000142}
  m_Children: []
  m_Father: {fileID: 400042}
  m_RootOrder: 11
--- !u!1002 &400001
EditorExtensionImpl:
  serializedVersion: 6
--- !u!4 &400002
Transform:
  m_ObjectHideFlags: 1
  m_PrefabParentObject: {fileID: 0}
  m_PrefabInternal: {fileID: 100100000}
  m_GameObject: {fileID: 100002}
  m_LocalRotation: {x: -.00232273294, y: .751722872, z: -.00316147762, w: .659467518}
  m_LocalPosition: {x: .378281653, y: .0396716595, z: .445610166}
  m_LocalScale: {x: .00200000033, y: .000300000043, z: .00299999933}
  m_Children: []
  m_Father: {fileID: 400042}
  m_RootOrder: 20
--- !u!1002 &400003
EditorExtensionImpl:
  serializedVersion: 6
--- !u!4 &400004
Transform:
  m_ObjectHideFlags: 1
  m_PrefabParentObject: {fileID: 0}
  m_PrefabInternal: {fileID: 100100000}
  m_GameObject: {fileID: 100004}
  m_LocalRotation: {x: -.0012960051, y: .690203547, z: .000300802261, w: .723614037}
  m_LocalPosition: {x: .348252058, y: -.00727725029, z: .561838388}
  m_LocalScale: {x: .00199999986, y: .000300000102, z: .00299999956}
  m_Children: []
  m_Father: {fileID: 400042}
  m_RootOrder: 12
--- !u!1002 &400005
EditorExtensionImpl:
  serializedVersion: 6
--- !u!4 &400006
Transform:
  m_ObjectHideFlags: 1
  m_PrefabParentObject: {fileID: 0}
  m_PrefabInternal: {fileID: 100100000}
  m_GameObject: {fileID: 100006}
  m_LocalRotation: {x: -.00113590364, y: -.0139012877, z: -.000692700676, w: .999902546}
  m_LocalPosition: {x: -.414634109, y: -.00727725029, z: .646195948}
  m_LocalScale: {x: .00199999916, y: .000300000189, z: .00299999816}
  m_Children: []
  m_Father: {fileID: 400042}
  m_RootOrder: 13
--- !u!1002 &400007
EditorExtensionImpl:
  serializedVersion: 6
--- !u!4 &400008
Transform:
  m_ObjectHideFlags: 1
  m_PrefabParentObject: {fileID: 0}
  m_PrefabInternal: {fileID: 100100000}
  m_GameObject: {fileID: 100008}
  m_LocalRotation: {x: .0521106198, y: 0, z: 0, w: .998641372}
  m_LocalPosition: {x: .407201886, y: .0170563459, z: .243155718}
  m_LocalScale: {x: .00200000009, y: .000300000014, z: .00300000026}
  m_Children: []
  m_Father: {fileID: 400042}
  m_RootOrder: 3
--- !u!1002 &400009
EditorExtensionImpl:
  serializedVersion: 6
--- !u!4 &400010
Transform:
  m_ObjectHideFlags: 1
  m_PrefabParentObject: {fileID: 0}
  m_PrefabInternal: {fileID: 100100000}
  m_GameObject: {fileID: 100010}
  m_LocalRotation: {x: 0, y: -.418266058, z: 0, w: .908324599}
  m_LocalPosition: {x: .0946773291, y: .0512957573, z: .39304027}
  m_LocalScale: {x: .00200000009, y: .000300000014, z: .00300000003}
  m_Children: []
  m_Father: {fileID: 400042}
  m_RootOrder: 19
--- !u!1002 &400011
EditorExtensionImpl:
  serializedVersion: 6
--- !u!4 &400012
Transform:
  m_ObjectHideFlags: 1
  m_PrefabParentObject: {fileID: 0}
  m_PrefabInternal: {fileID: 100100000}
  m_GameObject: {fileID: 100012}
  m_LocalRotation: {x: 0, y: -.0698035881, z: 0, w: .997560799}
  m_LocalPosition: {x: .0415498614, y: -.0141912699, z: .47351706}
  m_LocalScale: {x: .00200000009, y: .000300000014, z: .00300000003}
  m_Children: []
  m_Father: {fileID: 400042}
  m_RootOrder: 9
--- !u!1002 &400013
EditorExtensionImpl:
  serializedVersion: 6
--- !u!4 &400014
Transform:
  m_ObjectHideFlags: 1
  m_PrefabParentObject: {fileID: 0}
  m_PrefabInternal: {fileID: 100100000}
  m_GameObject: {fileID: 100014}
  m_LocalRotation: {x: -.0103561096, y: .559693754, z: -.0674015656, w: .825889051}
  m_LocalPosition: {x: .226029307, y: .0242581069, z: -.0089526847}
  m_LocalScale: {x: .00200000009, y: .000300000014, z: .00300000003}
  m_Children: []
  m_Father: {fileID: 400042}
  m_RootOrder: 18
--- !u!1002 &400015
EditorExtensionImpl:
  serializedVersion: 6
--- !u!4 &400016
Transform:
  m_ObjectHideFlags: 1
  m_PrefabParentObject: {fileID: 0}
  m_PrefabInternal: {fileID: 100100000}
  m_GameObject: {fileID: 100016}
  m_LocalRotation: {x: -.0327199213, y: -.828479648, z: -.0486837402, w: .556938827}
  m_LocalPosition: {x: -.239805192, y: .0038356483, z: .407876998}
  m_LocalScale: {x: .00200000009, y: .000300000014, z: .00299999979}
  m_Children: []
  m_Father: {fileID: 400042}
  m_RootOrder: 10
--- !u!1002 &400017
EditorExtensionImpl:
  serializedVersion: 6
--- !u!4 &400018
Transform:
  m_ObjectHideFlags: 1
  m_PrefabParentObject: {fileID: 0}
  m_PrefabInternal: {fileID: 100100000}
  m_GameObject: {fileID: 100018}
  m_LocalRotation: {x: -.00113590364, y: -.0139012877, z: -.000692700676, w: .999902546}
  m_LocalPosition: {x: -.414634109, y: -.00727725029, z: .266222715}
  m_LocalScale: {x: .0019999994, y: .000300000131, z: .00299999886}
  m_Children: []
  m_Father: {fileID: 400042}
  m_RootOrder: 6
--- !u!1002 &400019
EditorExtensionImpl:
  serializedVersion: 6
--- !u!4 &400020
Transform:
  m_ObjectHideFlags: 1
  m_PrefabParentObject: {fileID: 0}
  m_PrefabInternal: {fileID: 100100000}
  m_GameObject: {fileID: 100020}
  m_LocalRotation: {x: 1.80831368e-08, y: .712714016, z: -5.07939006e-08, w: .701454818}
  m_LocalPosition: {x: -.0428476669, y: -.016346097, z: .176522166}
  m_LocalScale: {x: .00200000079, y: .000300000014, z: .00299999979}
  m_Children: []
  m_Father: {fileID: 400042}
  m_RootOrder: 2
--- !u!1002 &400021
EditorExtensionImpl:
  serializedVersion: 6
--- !u!4 &400022
Transform:
  m_ObjectHideFlags: 1
  m_PrefabParentObject: {fileID: 0}
  m_PrefabInternal: {fileID: 100100000}
  m_GameObject: {fileID: 100022}
  m_LocalRotation: {x: .0327224992, y: .172975168, z: -.0061857719, w: .984363079}
  m_LocalPosition: {x: -.0860260427, y: .0235185623, z: .118894219}
  m_LocalScale: {x: .00200000079, y: .000299999985, z: .00300000142}
  m_Children: []
  m_Father: {fileID: 400042}
  m_RootOrder: 7
--- !u!1002 &400023
EditorExtensionImpl:
  serializedVersion: 6
--- !u!4 &400024
Transform:
  m_ObjectHideFlags: 1
  m_PrefabParentObject: {fileID: 0}
  m_PrefabInternal: {fileID: 100100000}
  m_GameObject: {fileID: 100024}
  m_LocalRotation: {x: -.00697508734, y: .108739629, z: -.0774635896, w: .991022944}
  m_LocalPosition: {x: .15824312, y: -.000651478767, z: -.0756403804}
  m_LocalScale: {x: .00200000033, y: .000299999985, z: .00300000166}
  m_Children: []
  m_Father: {fileID: 400042}
  m_RootOrder: 16
--- !u!1002 &400025
EditorExtensionImpl:
  serializedVersion: 6
--- !u!4 &400026
Transform:
  m_ObjectHideFlags: 1
  m_PrefabParentObject: {fileID: 0}
  m_PrefabInternal: {fileID: 100100000}
  m_GameObject: {fileID: 100026}
  m_LocalRotation: {x: -.00232273294, y: .751722872, z: -.00316147762, w: .659467518}
  m_LocalPosition: {x: -.0869629979, y: .0396716595, z: -.17536968}
  m_LocalScale: {x: .00200000033, y: .000300000043, z: .00299999933}
  m_Children: []
  m_Father: {fileID: 400042}
  m_RootOrder: 17
--- !u!1002 &400027
EditorExtensionImpl:
  serializedVersion: 6
--- !u!4 &400028
Transform:
  m_ObjectHideFlags: 1
  m_PrefabParentObject: {fileID: 0}
  m_PrefabInternal: {fileID: 100100000}
  m_GameObject: {fileID: 100028}
  m_LocalRotation: {x: -.0012960051, y: .690203547, z: .000300802261, w: .723614037}
  m_LocalPosition: {x: -.116992593, y: -.00727725029, z: -.0591414571}
  m_LocalScale: {x: .00199999986, y: .000300000102, z: .00299999956}
  m_Children: []
  m_Father: {fileID: 400042}
  m_RootOrder: 8
--- !u!1002 &400029
EditorExtensionImpl:
  serializedVersion: 6
--- !u!4 &400030
Transform:
  m_ObjectHideFlags: 1
  m_PrefabParentObject: {fileID: 0}
  m_PrefabInternal: {fileID: 100100000}
  m_GameObject: {fileID: 100030}
  m_LocalRotation: {x: 5.34584537e-08, y: -.300228834, z: -7.01539093e-09, w: .953867257}
  m_LocalPosition: {x: .422396988, y: -.016346097, z: .0585854352}
  m_LocalScale: {x: .00200000079, y: .000300000014, z: .00299999979}
  m_Children: []
  m_Father: {fileID: 400042}
  m_RootOrder: 1
--- !u!1002 &400031
EditorExtensionImpl:
  serializedVersion: 6
--- !u!4 &400032
Transform:
  m_ObjectHideFlags: 1
  m_PrefabParentObject: {fileID: 0}
  m_PrefabInternal: {fileID: 100100000}
  m_GameObject: {fileID: 100032}
  m_LocalRotation: {x: -.0012960051, y: .690203547, z: .000300802261, w: .723614037}
  m_LocalPosition: {x: .348252058, y: -.00727725029, z: -.453219712}
  m_LocalScale: {x: .00199999963, y: .000300000072, z: .00299999956}
  m_Children: []
  m_Father: {fileID: 400042}
  m_RootOrder: 5
--- !u!1002 &400033
EditorExtensionImpl:
  serializedVersion: 6
--- !u!4 &400034
Transform:
  m_ObjectHideFlags: 1
  m_PrefabParentObject: {fileID: 0}
  m_PrefabInternal: {fileID: 100100000}
  m_GameObject: {fileID: 100034}
  m_LocalRotation: {x: -.00232273294, y: .751722872, z: -.00316147762, w: .659467518}
  m_LocalPosition: {x: .378281653, y: .0396716595, z: -.569447935}
  m_LocalScale: {x: .00200000079, y: .000300000014, z: .00300000003}
  m_Children: []
  m_Father: {fileID: 400042}
  m_RootOrder: 14
--- !u!1002 &400035
EditorExtensionImpl:
  serializedVersion: 6
--- !u!4 &400036
Transform:
  m_ObjectHideFlags: 1
  m_PrefabParentObject: {fileID: 0}
  m_PrefabInternal: {fileID: 100100000}
  m_GameObject: {fileID: 100036}
  m_LocalRotation: {x: -.00697508734, y: .108739629, z: -.0774635896, w: .991022944}
  m_LocalPosition: {x: .623487771, y: -.000651478767, z: -.469718635}
  m_LocalScale: {x: .00200000033, y: .000299999985, z: .00300000119}
  m_Children: []
  m_Father: {fileID: 400042}
  m_RootOrder: 15
--- !u!1002 &400037
EditorExtensionImpl:
  serializedVersion: 6
--- !u!4 &400038
Transform:
  m_ObjectHideFlags: 1
  m_PrefabParentObject: {fileID: 0}
  m_PrefabInternal: {fileID: 100100000}
  m_GameObject: {fileID: 100038}
  m_LocalRotation: {x: .0327224992, y: .172975168, z: -.0061857719, w: .984363079}
  m_LocalPosition: {x: .379218608, y: .0235185623, z: -.275184035}
  m_LocalScale: {x: .00200000056, y: .000300000043, z: .00300000119}
  m_Children: []
  m_Father: {fileID: 400042}
  m_RootOrder: 4
--- !u!1002 &400039
EditorExtensionImpl:
  serializedVersion: 6
--- !u!4 &400040
Transform:
  m_ObjectHideFlags: 1
  m_PrefabParentObject: {fileID: 0}
  m_PrefabInternal: {fileID: 100100000}
  m_GameObject: {fileID: 100040}
  m_LocalRotation: {x: 1.80831368e-08, y: .712714016, z: -5.07939006e-08, w: .701454818}
  m_LocalPosition: {x: .422396988, y: -.016346097, z: -.217556089}
  m_LocalScale: {x: .00200000009, y: .000300000014, z: .00299999933}
  m_Children: []
  m_Father: {fileID: 400042}
  m_RootOrder: 0
--- !u!1002 &400041
EditorExtensionImpl:
  serializedVersion: 6
--- !u!4 &400042
Transform:
  m_ObjectHideFlags: 1
  m_PrefabParentObject: {fileID: 0}
  m_PrefabInternal: {fileID: 100100000}
  m_GameObject: {fileID: 100042}
  m_LocalRotation: {x: 0, y: 0, z: 0, w: 1}
  m_LocalPosition: {x: -.00565987453, y: -.144543916, z: .0414354205}
  m_LocalScale: {x: 1, y: 1, z: 1}
  m_Children:
  - {fileID: 400040}
  - {fileID: 400030}
  - {fileID: 400020}
  - {fileID: 400008}
  - {fileID: 400038}
  - {fileID: 400032}
  - {fileID: 400018}
  - {fileID: 400022}
  - {fileID: 400028}
  - {fileID: 400012}
  - {fileID: 400016}
  - {fileID: 400000}
  - {fileID: 400004}
  - {fileID: 400006}
  - {fileID: 400034}
  - {fileID: 400036}
  - {fileID: 400024}
  - {fileID: 400026}
  - {fileID: 400014}
  - {fileID: 400010}
  - {fileID: 400002}
  m_Father: {fileID: 0}
  m_RootOrder: 0
--- !u!1002 &400043
EditorExtensionImpl:
  serializedVersion: 6
--- !u!23 &2300000
Renderer:
  m_ObjectHideFlags: 1
  m_PrefabParentObject: {fileID: 0}
  m_PrefabInternal: {fileID: 100100000}
  m_GameObject: {fileID: 100000}
  m_Enabled: 1
  m_CastShadows: 1
  m_ReceiveShadows: 1
  m_LightmapIndex: 255
  m_LightmapTilingOffset: {x: 1, y: 1, z: 0, w: 0}
  m_Materials:
  - {fileID: 2100000, guid: c2d8655b50fec4e6e999ed270f020d44, type: 2}
  m_SubsetIndices: 
  m_StaticBatchRoot: {fileID: 0}
  m_UseLightProbes: 0
  m_LightProbeAnchor: {fileID: 0}
  m_ScaleInLightmap: 1
  m_SortingLayerID: 0
  m_SortingOrder: 0
--- !u!1002 &2300001
EditorExtensionImpl:
  serializedVersion: 6
--- !u!23 &2300002
Renderer:
  m_ObjectHideFlags: 1
  m_PrefabParentObject: {fileID: 0}
  m_PrefabInternal: {fileID: 100100000}
  m_GameObject: {fileID: 100002}
  m_Enabled: 1
  m_CastShadows: 1
  m_ReceiveShadows: 1
  m_LightmapIndex: 255
  m_LightmapTilingOffset: {x: 1, y: 1, z: 0, w: 0}
  m_Materials:
  - {fileID: 2100000, guid: 7e363561dbd474e828efe2b63f265c0c, type: 2}
  m_SubsetIndices: 
  m_StaticBatchRoot: {fileID: 0}
  m_UseLightProbes: 0
  m_LightProbeAnchor: {fileID: 0}
  m_ScaleInLightmap: 1
  m_SortingLayerID: 0
  m_SortingOrder: 0
--- !u!1002 &2300003
EditorExtensionImpl:
  serializedVersion: 6
--- !u!23 &2300004
Renderer:
  m_ObjectHideFlags: 1
  m_PrefabParentObject: {fileID: 0}
  m_PrefabInternal: {fileID: 100100000}
  m_GameObject: {fileID: 100004}
  m_Enabled: 1
  m_CastShadows: 1
  m_ReceiveShadows: 1
  m_LightmapIndex: 255
  m_LightmapTilingOffset: {x: 1, y: 1, z: 0, w: 0}
  m_Materials:
  - {fileID: 2100000, guid: c2d8655b50fec4e6e999ed270f020d44, type: 2}
  m_SubsetIndices: 
  m_StaticBatchRoot: {fileID: 0}
  m_UseLightProbes: 0
  m_LightProbeAnchor: {fileID: 0}
  m_ScaleInLightmap: 1
  m_SortingLayerID: 0
  m_SortingOrder: 0
--- !u!1002 &2300005
EditorExtensionImpl:
  serializedVersion: 6
--- !u!23 &2300006
Renderer:
  m_ObjectHideFlags: 1
  m_PrefabParentObject: {fileID: 0}
  m_PrefabInternal: {fileID: 100100000}
  m_GameObject: {fileID: 100006}
  m_Enabled: 1
  m_CastShadows: 1
  m_ReceiveShadows: 1
  m_LightmapIndex: 255
  m_LightmapTilingOffset: {x: 1, y: 1, z: 0, w: 0}
  m_Materials:
  - {fileID: 2100000, guid: c2d8655b50fec4e6e999ed270f020d44, type: 2}
  m_SubsetIndices: 
  m_StaticBatchRoot: {fileID: 0}
  m_UseLightProbes: 0
  m_LightProbeAnchor: {fileID: 0}
  m_ScaleInLightmap: 1
  m_SortingLayerID: 0
  m_SortingOrder: 0
--- !u!1002 &2300007
EditorExtensionImpl:
  serializedVersion: 6
--- !u!23 &2300008
Renderer:
  m_ObjectHideFlags: 1
  m_PrefabParentObject: {fileID: 0}
  m_PrefabInternal: {fileID: 100100000}
  m_GameObject: {fileID: 100008}
  m_Enabled: 1
  m_CastShadows: 1
  m_ReceiveShadows: 1
  m_LightmapIndex: 255
  m_LightmapTilingOffset: {x: 1, y: 1, z: 0, w: 0}
  m_Materials:
  - {fileID: 2100000, guid: f0d6c062c58d740b8b8fd4a35c9df2cf, type: 2}
  m_SubsetIndices: 
  m_StaticBatchRoot: {fileID: 0}
  m_UseLightProbes: 0
  m_LightProbeAnchor: {fileID: 0}
  m_ScaleInLightmap: 1
  m_SortingLayerID: 0
  m_SortingOrder: 0
--- !u!1002 &2300009
EditorExtensionImpl:
  serializedVersion: 6
--- !u!23 &2300010
Renderer:
  m_ObjectHideFlags: 1
  m_PrefabParentObject: {fileID: 0}
  m_PrefabInternal: {fileID: 100100000}
  m_GameObject: {fileID: 100010}
  m_Enabled: 1
  m_CastShadows: 1
  m_ReceiveShadows: 1
  m_LightmapIndex: 255
  m_LightmapTilingOffset: {x: 1, y: 1, z: 0, w: 0}
  m_Materials:
  - {fileID: 2100000, guid: 7e363561dbd474e828efe2b63f265c0c, type: 2}
  m_SubsetIndices: 
  m_StaticBatchRoot: {fileID: 0}
  m_UseLightProbes: 0
  m_LightProbeAnchor: {fileID: 0}
  m_ScaleInLightmap: 1
  m_SortingLayerID: 0
  m_SortingOrder: 0
--- !u!1002 &2300011
EditorExtensionImpl:
  serializedVersion: 6
--- !u!23 &2300012
Renderer:
  m_ObjectHideFlags: 1
  m_PrefabParentObject: {fileID: 0}
  m_PrefabInternal: {fileID: 100100000}
  m_GameObject: {fileID: 100012}
  m_Enabled: 1
  m_CastShadows: 1
  m_ReceiveShadows: 1
  m_LightmapIndex: 255
  m_LightmapTilingOffset: {x: 1, y: 1, z: 0, w: 0}
  m_Materials:
  - {fileID: 2100000, guid: c2d8655b50fec4e6e999ed270f020d44, type: 2}
  m_SubsetIndices: 
  m_StaticBatchRoot: {fileID: 0}
  m_UseLightProbes: 0
  m_LightProbeAnchor: {fileID: 0}
  m_ScaleInLightmap: 1
  m_SortingLayerID: 0
  m_SortingOrder: 0
--- !u!1002 &2300013
EditorExtensionImpl:
  serializedVersion: 6
--- !u!23 &2300014
Renderer:
  m_ObjectHideFlags: 1
  m_PrefabParentObject: {fileID: 0}
  m_PrefabInternal: {fileID: 100100000}
  m_GameObject: {fileID: 100014}
  m_Enabled: 1
  m_CastShadows: 1
  m_ReceiveShadows: 1
  m_LightmapIndex: 255
  m_LightmapTilingOffset: {x: 1, y: 1, z: 0, w: 0}
  m_Materials:
  - {fileID: 2100000, guid: 7e363561dbd474e828efe2b63f265c0c, type: 2}
  m_SubsetIndices: 
  m_StaticBatchRoot: {fileID: 0}
  m_UseLightProbes: 0
  m_LightProbeAnchor: {fileID: 0}
  m_ScaleInLightmap: 1
  m_SortingLayerID: 0
  m_SortingOrder: 0
--- !u!1002 &2300015
EditorExtensionImpl:
  serializedVersion: 6
--- !u!23 &2300016
Renderer:
  m_ObjectHideFlags: 1
  m_PrefabParentObject: {fileID: 0}
  m_PrefabInternal: {fileID: 100100000}
  m_GameObject: {fileID: 100016}
  m_Enabled: 1
  m_CastShadows: 1
  m_ReceiveShadows: 1
  m_LightmapIndex: 255
  m_LightmapTilingOffset: {x: 1, y: 1, z: 0, w: 0}
  m_Materials:
  - {fileID: 2100000, guid: c2d8655b50fec4e6e999ed270f020d44, type: 2}
  m_SubsetIndices: 
  m_StaticBatchRoot: {fileID: 0}
  m_UseLightProbes: 0
  m_LightProbeAnchor: {fileID: 0}
  m_ScaleInLightmap: 1
  m_SortingLayerID: 0
  m_SortingOrder: 0
--- !u!1002 &2300017
EditorExtensionImpl:
  serializedVersion: 6
--- !u!23 &2300018
Renderer:
  m_ObjectHideFlags: 1
  m_PrefabParentObject: {fileID: 0}
  m_PrefabInternal: {fileID: 100100000}
  m_GameObject: {fileID: 100018}
  m_Enabled: 1
  m_CastShadows: 1
  m_ReceiveShadows: 1
  m_LightmapIndex: 255
  m_LightmapTilingOffset: {x: 1, y: 1, z: 0, w: 0}
  m_Materials:
  - {fileID: 2100000, guid: c2d8655b50fec4e6e999ed270f020d44, type: 2}
  m_SubsetIndices: 
  m_StaticBatchRoot: {fileID: 0}
  m_UseLightProbes: 0
  m_LightProbeAnchor: {fileID: 0}
  m_ScaleInLightmap: 1
  m_SortingLayerID: 0
  m_SortingOrder: 0
--- !u!1002 &2300019
EditorExtensionImpl:
  serializedVersion: 6
--- !u!23 &2300020
Renderer:
  m_ObjectHideFlags: 1
  m_PrefabParentObject: {fileID: 0}
  m_PrefabInternal: {fileID: 100100000}
  m_GameObject: {fileID: 100020}
  m_Enabled: 1
  m_CastShadows: 1
  m_ReceiveShadows: 1
  m_LightmapIndex: 255
  m_LightmapTilingOffset: {x: 1, y: 1, z: 0, w: 0}
  m_Materials:
  - {fileID: 2100000, guid: f0d6c062c58d740b8b8fd4a35c9df2cf, type: 2}
  m_SubsetIndices: 
  m_StaticBatchRoot: {fileID: 0}
  m_UseLightProbes: 0
  m_LightProbeAnchor: {fileID: 0}
  m_ScaleInLightmap: 1
  m_SortingLayerID: 0
  m_SortingOrder: 0
--- !u!1002 &2300021
EditorExtensionImpl:
  serializedVersion: 6
--- !u!23 &2300022
Renderer:
  m_ObjectHideFlags: 1
  m_PrefabParentObject: {fileID: 0}
  m_PrefabInternal: {fileID: 100100000}
  m_GameObject: {fileID: 100022}
  m_Enabled: 1
  m_CastShadows: 1
  m_ReceiveShadows: 1
  m_LightmapIndex: 255
  m_LightmapTilingOffset: {x: 1, y: 1, z: 0, w: 0}
  m_Materials:
  - {fileID: 2100000, guid: c2d8655b50fec4e6e999ed270f020d44, type: 2}
  m_SubsetIndices: 
  m_StaticBatchRoot: {fileID: 0}
  m_UseLightProbes: 0
  m_LightProbeAnchor: {fileID: 0}
  m_ScaleInLightmap: 1
  m_SortingLayerID: 0
  m_SortingOrder: 0
--- !u!1002 &2300023
EditorExtensionImpl:
  serializedVersion: 6
--- !u!23 &2300024
Renderer:
  m_ObjectHideFlags: 1
  m_PrefabParentObject: {fileID: 0}
  m_PrefabInternal: {fileID: 100100000}
  m_GameObject: {fileID: 100024}
  m_Enabled: 1
  m_CastShadows: 1
  m_ReceiveShadows: 1
  m_LightmapIndex: 255
  m_LightmapTilingOffset: {x: 1, y: 1, z: 0, w: 0}
  m_Materials:
  - {fileID: 2100000, guid: 7e363561dbd474e828efe2b63f265c0c, type: 2}
  m_SubsetIndices: 
  m_StaticBatchRoot: {fileID: 0}
  m_UseLightProbes: 0
  m_LightProbeAnchor: {fileID: 0}
  m_ScaleInLightmap: 1
  m_SortingLayerID: 0
  m_SortingOrder: 0
--- !u!1002 &2300025
EditorExtensionImpl:
  serializedVersion: 6
--- !u!23 &2300026
Renderer:
  m_ObjectHideFlags: 1
  m_PrefabParentObject: {fileID: 0}
  m_PrefabInternal: {fileID: 100100000}
  m_GameObject: {fileID: 100026}
  m_Enabled: 1
  m_CastShadows: 1
  m_ReceiveShadows: 1
  m_LightmapIndex: 255
  m_LightmapTilingOffset: {x: 1, y: 1, z: 0, w: 0}
  m_Materials:
  - {fileID: 2100000, guid: 7e363561dbd474e828efe2b63f265c0c, type: 2}
  m_SubsetIndices: 
  m_StaticBatchRoot: {fileID: 0}
  m_UseLightProbes: 0
  m_LightProbeAnchor: {fileID: 0}
  m_ScaleInLightmap: 1
  m_SortingLayerID: 0
  m_SortingOrder: 0
--- !u!1002 &2300027
EditorExtensionImpl:
  serializedVersion: 6
--- !u!23 &2300028
Renderer:
  m_ObjectHideFlags: 1
  m_PrefabParentObject: {fileID: 0}
  m_PrefabInternal: {fileID: 100100000}
  m_GameObject: {fileID: 100028}
  m_Enabled: 1
  m_CastShadows: 1
  m_ReceiveShadows: 1
  m_LightmapIndex: 255
  m_LightmapTilingOffset: {x: 1, y: 1, z: 0, w: 0}
  m_Materials:
  - {fileID: 2100000, guid: c2d8655b50fec4e6e999ed270f020d44, type: 2}
  m_SubsetIndices: 
  m_StaticBatchRoot: {fileID: 0}
  m_UseLightProbes: 0
  m_LightProbeAnchor: {fileID: 0}
  m_ScaleInLightmap: 1
  m_SortingLayerID: 0
  m_SortingOrder: 0
--- !u!1002 &2300029
EditorExtensionImpl:
  serializedVersion: 6
--- !u!23 &2300030
Renderer:
  m_ObjectHideFlags: 1
  m_PrefabParentObject: {fileID: 0}
  m_PrefabInternal: {fileID: 100100000}
  m_GameObject: {fileID: 100030}
  m_Enabled: 1
  m_CastShadows: 1
  m_ReceiveShadows: 1
  m_LightmapIndex: 255
  m_LightmapTilingOffset: {x: 1, y: 1, z: 0, w: 0}
  m_Materials:
  - {fileID: 2100000, guid: f0d6c062c58d740b8b8fd4a35c9df2cf, type: 2}
  m_SubsetIndices: 
  m_StaticBatchRoot: {fileID: 0}
  m_UseLightProbes: 0
  m_LightProbeAnchor: {fileID: 0}
  m_ScaleInLightmap: 1
  m_SortingLayerID: 0
  m_SortingOrder: 0
--- !u!1002 &2300031
EditorExtensionImpl:
  serializedVersion: 6
--- !u!23 &2300032
Renderer:
  m_ObjectHideFlags: 1
  m_PrefabParentObject: {fileID: 0}
  m_PrefabInternal: {fileID: 100100000}
  m_GameObject: {fileID: 100032}
  m_Enabled: 1
  m_CastShadows: 1
  m_ReceiveShadows: 1
  m_LightmapIndex: 255
  m_LightmapTilingOffset: {x: 1, y: 1, z: 0, w: 0}
  m_Materials:
  - {fileID: 2100000, guid: c2d8655b50fec4e6e999ed270f020d44, type: 2}
  m_SubsetIndices: 
  m_StaticBatchRoot: {fileID: 0}
  m_UseLightProbes: 0
  m_LightProbeAnchor: {fileID: 0}
  m_ScaleInLightmap: 1
  m_SortingLayerID: 0
  m_SortingOrder: 0
--- !u!1002 &2300033
EditorExtensionImpl:
  serializedVersion: 6
--- !u!23 &2300034
Renderer:
  m_ObjectHideFlags: 1
  m_PrefabParentObject: {fileID: 0}
  m_PrefabInternal: {fileID: 100100000}
  m_GameObject: {fileID: 100034}
  m_Enabled: 1
  m_CastShadows: 1
  m_ReceiveShadows: 1
  m_LightmapIndex: 255
  m_LightmapTilingOffset: {x: 1, y: 1, z: 0, w: 0}
  m_Materials:
  - {fileID: 2100000, guid: 7e363561dbd474e828efe2b63f265c0c, type: 2}
  m_SubsetIndices: 
  m_StaticBatchRoot: {fileID: 0}
  m_UseLightProbes: 0
  m_LightProbeAnchor: {fileID: 0}
  m_ScaleInLightmap: 1
  m_SortingLayerID: 0
  m_SortingOrder: 0
--- !u!1002 &2300035
EditorExtensionImpl:
  serializedVersion: 6
--- !u!23 &2300036
Renderer:
  m_ObjectHideFlags: 1
  m_PrefabParentObject: {fileID: 0}
  m_PrefabInternal: {fileID: 100100000}
  m_GameObject: {fileID: 100036}
  m_Enabled: 1
  m_CastShadows: 1
  m_ReceiveShadows: 1
  m_LightmapIndex: 255
  m_LightmapTilingOffset: {x: 1, y: 1, z: 0, w: 0}
  m_Materials:
  - {fileID: 2100000, guid: 7e363561dbd474e828efe2b63f265c0c, type: 2}
  m_SubsetIndices: 
  m_StaticBatchRoot: {fileID: 0}
  m_UseLightProbes: 0
  m_LightProbeAnchor: {fileID: 0}
  m_ScaleInLightmap: 1
  m_SortingLayerID: 0
  m_SortingOrder: 0
--- !u!1002 &2300037
EditorExtensionImpl:
  serializedVersion: 6
--- !u!23 &2300038
Renderer:
  m_ObjectHideFlags: 1
  m_PrefabParentObject: {fileID: 0}
  m_PrefabInternal: {fileID: 100100000}
  m_GameObject: {fileID: 100038}
  m_Enabled: 1
  m_CastShadows: 1
  m_ReceiveShadows: 1
  m_LightmapIndex: 255
  m_LightmapTilingOffset: {x: 1, y: 1, z: 0, w: 0}
  m_Materials:
  - {fileID: 2100000, guid: c2d8655b50fec4e6e999ed270f020d44, type: 2}
  m_SubsetIndices: 
  m_StaticBatchRoot: {fileID: 0}
  m_UseLightProbes: 0
  m_LightProbeAnchor: {fileID: 0}
  m_ScaleInLightmap: 1
  m_SortingLayerID: 0
  m_SortingOrder: 0
--- !u!1002 &2300039
EditorExtensionImpl:
  serializedVersion: 6
--- !u!23 &2300040
Renderer:
  m_ObjectHideFlags: 1
  m_PrefabParentObject: {fileID: 0}
  m_PrefabInternal: {fileID: 100100000}
  m_GameObject: {fileID: 100040}
  m_Enabled: 1
  m_CastShadows: 1
  m_ReceiveShadows: 1
  m_LightmapIndex: 255
  m_LightmapTilingOffset: {x: 1, y: 1, z: 0, w: 0}
  m_Materials:
  - {fileID: 2100000, guid: f0d6c062c58d740b8b8fd4a35c9df2cf, type: 2}
  m_SubsetIndices: 
  m_StaticBatchRoot: {fileID: 0}
  m_UseLightProbes: 0
  m_LightProbeAnchor: {fileID: 0}
  m_ScaleInLightmap: 1
  m_SortingLayerID: 0
  m_SortingOrder: 0
--- !u!1002 &2300041
EditorExtensionImpl:
  serializedVersion: 6
--- !u!33 &3300000
MeshFilter:
  m_ObjectHideFlags: 1
  m_PrefabParentObject: {fileID: 0}
  m_PrefabInternal: {fileID: 100100000}
  m_GameObject: {fileID: 100000}
  m_Mesh: {fileID: 4300000, guid: 28851e718a22e43969f1f74343d7aaf3, type: 3}
--- !u!1002 &3300001
EditorExtensionImpl:
  serializedVersion: 6
--- !u!33 &3300002
MeshFilter:
  m_ObjectHideFlags: 1
  m_PrefabParentObject: {fileID: 0}
  m_PrefabInternal: {fileID: 100100000}
  m_GameObject: {fileID: 100002}
  m_Mesh: {fileID: 4300000, guid: 28851e718a22e43969f1f74343d7aaf3, type: 3}
--- !u!1002 &3300003
EditorExtensionImpl:
  serializedVersion: 6
--- !u!33 &3300004
MeshFilter:
  m_ObjectHideFlags: 1
  m_PrefabParentObject: {fileID: 0}
  m_PrefabInternal: {fileID: 100100000}
  m_GameObject: {fileID: 100004}
  m_Mesh: {fileID: 4300000, guid: 28851e718a22e43969f1f74343d7aaf3, type: 3}
--- !u!1002 &3300005
EditorExtensionImpl:
  serializedVersion: 6
--- !u!33 &3300006
MeshFilter:
  m_ObjectHideFlags: 1
  m_PrefabParentObject: {fileID: 0}
  m_PrefabInternal: {fileID: 100100000}
  m_GameObject: {fileID: 100006}
  m_Mesh: {fileID: 4300000, guid: 28851e718a22e43969f1f74343d7aaf3, type: 3}
--- !u!1002 &3300007
EditorExtensionImpl:
  serializedVersion: 6
--- !u!33 &3300008
MeshFilter:
  m_ObjectHideFlags: 1
  m_PrefabParentObject: {fileID: 0}
  m_PrefabInternal: {fileID: 100100000}
  m_GameObject: {fileID: 100008}
  m_Mesh: {fileID: 4300000, guid: 28851e718a22e43969f1f74343d7aaf3, type: 3}
--- !u!1002 &3300009
EditorExtensionImpl:
  serializedVersion: 6
--- !u!33 &3300010
MeshFilter:
  m_ObjectHideFlags: 1
  m_PrefabParentObject: {fileID: 0}
  m_PrefabInternal: {fileID: 100100000}
  m_GameObject: {fileID: 100010}
  m_Mesh: {fileID: 4300000, guid: 28851e718a22e43969f1f74343d7aaf3, type: 3}
--- !u!1002 &3300011
EditorExtensionImpl:
  serializedVersion: 6
--- !u!33 &3300012
MeshFilter:
  m_ObjectHideFlags: 1
  m_PrefabParentObject: {fileID: 0}
  m_PrefabInternal: {fileID: 100100000}
  m_GameObject: {fileID: 100012}
  m_Mesh: {fileID: 4300000, guid: 28851e718a22e43969f1f74343d7aaf3, type: 3}
--- !u!1002 &3300013
EditorExtensionImpl:
  serializedVersion: 6
--- !u!33 &3300014
MeshFilter:
  m_ObjectHideFlags: 1
  m_PrefabParentObject: {fileID: 0}
  m_PrefabInternal: {fileID: 100100000}
  m_GameObject: {fileID: 100014}
  m_Mesh: {fileID: 4300000, guid: 28851e718a22e43969f1f74343d7aaf3, type: 3}
--- !u!1002 &3300015
EditorExtensionImpl:
  serializedVersion: 6
--- !u!33 &3300016
MeshFilter:
  m_ObjectHideFlags: 1
  m_PrefabParentObject: {fileID: 0}
  m_PrefabInternal: {fileID: 100100000}
  m_GameObject: {fileID: 100016}
  m_Mesh: {fileID: 4300000, guid: 28851e718a22e43969f1f74343d7aaf3, type: 3}
--- !u!1002 &3300017
EditorExtensionImpl:
  serializedVersion: 6
--- !u!33 &3300018
MeshFilter:
  m_ObjectHideFlags: 1
  m_PrefabParentObject: {fileID: 0}
  m_PrefabInternal: {fileID: 100100000}
  m_GameObject: {fileID: 100018}
  m_Mesh: {fileID: 4300000, guid: 28851e718a22e43969f1f74343d7aaf3, type: 3}
--- !u!1002 &3300019
EditorExtensionImpl:
  serializedVersion: 6
--- !u!33 &3300020
MeshFilter:
  m_ObjectHideFlags: 1
  m_PrefabParentObject: {fileID: 0}
  m_PrefabInternal: {fileID: 100100000}
  m_GameObject: {fileID: 100020}
  m_Mesh: {fileID: 4300000, guid: 28851e718a22e43969f1f74343d7aaf3, type: 3}
--- !u!1002 &3300021
EditorExtensionImpl:
  serializedVersion: 6
--- !u!33 &3300022
MeshFilter:
  m_ObjectHideFlags: 1
  m_PrefabParentObject: {fileID: 0}
  m_PrefabInternal: {fileID: 100100000}
  m_GameObject: {fileID: 100022}
  m_Mesh: {fileID: 4300000, guid: 28851e718a22e43969f1f74343d7aaf3, type: 3}
--- !u!1002 &3300023
EditorExtensionImpl:
  serializedVersion: 6
--- !u!33 &3300024
MeshFilter:
  m_ObjectHideFlags: 1
  m_PrefabParentObject: {fileID: 0}
  m_PrefabInternal: {fileID: 100100000}
  m_GameObject: {fileID: 100024}
  m_Mesh: {fileID: 4300000, guid: 28851e718a22e43969f1f74343d7aaf3, type: 3}
--- !u!1002 &3300025
EditorExtensionImpl:
  serializedVersion: 6
--- !u!33 &3300026
MeshFilter:
  m_ObjectHideFlags: 1
  m_PrefabParentObject: {fileID: 0}
  m_PrefabInternal: {fileID: 100100000}
  m_GameObject: {fileID: 100026}
  m_Mesh: {fileID: 4300000, guid: 28851e718a22e43969f1f74343d7aaf3, type: 3}
--- !u!1002 &3300027
EditorExtensionImpl:
  serializedVersion: 6
--- !u!33 &3300028
MeshFilter:
  m_ObjectHideFlags: 1
  m_PrefabParentObject: {fileID: 0}
  m_PrefabInternal: {fileID: 100100000}
  m_GameObject: {fileID: 100028}
  m_Mesh: {fileID: 4300000, guid: 28851e718a22e43969f1f74343d7aaf3, type: 3}
--- !u!1002 &3300029
EditorExtensionImpl:
  serializedVersion: 6
--- !u!33 &3300030
MeshFilter:
  m_ObjectHideFlags: 1
  m_PrefabParentObject: {fileID: 0}
  m_PrefabInternal: {fileID: 100100000}
  m_GameObject: {fileID: 100030}
  m_Mesh: {fileID: 4300000, guid: 28851e718a22e43969f1f74343d7aaf3, type: 3}
--- !u!1002 &3300031
EditorExtensionImpl:
  serializedVersion: 6
--- !u!33 &3300032
MeshFilter:
  m_ObjectHideFlags: 1
  m_PrefabParentObject: {fileID: 0}
  m_PrefabInternal: {fileID: 100100000}
  m_GameObject: {fileID: 100032}
  m_Mesh: {fileID: 4300000, guid: 28851e718a22e43969f1f74343d7aaf3, type: 3}
--- !u!1002 &3300033
EditorExtensionImpl:
  serializedVersion: 6
--- !u!33 &3300034
MeshFilter:
  m_ObjectHideFlags: 1
  m_PrefabParentObject: {fileID: 0}
  m_PrefabInternal: {fileID: 100100000}
  m_GameObject: {fileID: 100034}
  m_Mesh: {fileID: 4300000, guid: 28851e718a22e43969f1f74343d7aaf3, type: 3}
--- !u!1002 &3300035
EditorExtensionImpl:
  serializedVersion: 6
--- !u!33 &3300036
MeshFilter:
  m_ObjectHideFlags: 1
  m_PrefabParentObject: {fileID: 0}
  m_PrefabInternal: {fileID: 100100000}
  m_GameObject: {fileID: 100036}
  m_Mesh: {fileID: 4300000, guid: 28851e718a22e43969f1f74343d7aaf3, type: 3}
--- !u!1002 &3300037
EditorExtensionImpl:
  serializedVersion: 6
--- !u!33 &3300038
MeshFilter:
  m_ObjectHideFlags: 1
  m_PrefabParentObject: {fileID: 0}
  m_PrefabInternal: {fileID: 100100000}
  m_GameObject: {fileID: 100038}
  m_Mesh: {fileID: 4300000, guid: 28851e718a22e43969f1f74343d7aaf3, type: 3}
--- !u!1002 &3300039
EditorExtensionImpl:
  serializedVersion: 6
--- !u!33 &3300040
MeshFilter:
  m_ObjectHideFlags: 1
  m_PrefabParentObject: {fileID: 0}
  m_PrefabInternal: {fileID: 100100000}
  m_GameObject: {fileID: 100040}
  m_Mesh: {fileID: 4300000, guid: 28851e718a22e43969f1f74343d7aaf3, type: 3}
--- !u!1002 &3300041
EditorExtensionImpl:
  serializedVersion: 6
--- !u!64 &6400000
MeshCollider:
  m_ObjectHideFlags: 1
  m_PrefabParentObject: {fileID: 0}
  m_PrefabInternal: {fileID: 100100000}
  m_GameObject: {fileID: 100004}
  m_Material: {fileID: 0}
  m_IsTrigger: 0
  m_Enabled: 1
  serializedVersion: 2
  m_SmoothSphereCollisions: 0
  m_Convex: 0
  m_Mesh: {fileID: 4300000, guid: 28851e718a22e43969f1f74343d7aaf3, type: 3}
--- !u!1002 &6400001
EditorExtensionImpl:
  serializedVersion: 6
--- !u!64 &6400002
MeshCollider:
  m_ObjectHideFlags: 1
  m_PrefabParentObject: {fileID: 0}
  m_PrefabInternal: {fileID: 100100000}
  m_GameObject: {fileID: 100002}
  m_Material: {fileID: 0}
  m_IsTrigger: 0
  m_Enabled: 1
  serializedVersion: 2
  m_SmoothSphereCollisions: 0
  m_Convex: 0
  m_Mesh: {fileID: 4300000, guid: 28851e718a22e43969f1f74343d7aaf3, type: 3}
--- !u!1002 &6400003
EditorExtensionImpl:
  serializedVersion: 6
--- !u!64 &6400004
MeshCollider:
  m_ObjectHideFlags: 1
  m_PrefabParentObject: {fileID: 0}
  m_PrefabInternal: {fileID: 100100000}
  m_GameObject: {fileID: 100000}
  m_Material: {fileID: 0}
  m_IsTrigger: 0
  m_Enabled: 1
  serializedVersion: 2
  m_SmoothSphereCollisions: 0
  m_Convex: 0
  m_Mesh: {fileID: 4300000, guid: 28851e718a22e43969f1f74343d7aaf3, type: 3}
--- !u!1002 &6400005
EditorExtensionImpl:
  serializedVersion: 6
--- !u!64 &6400006
MeshCollider:
  m_ObjectHideFlags: 1
  m_PrefabParentObject: {fileID: 0}
  m_PrefabInternal: {fileID: 100100000}
  m_GameObject: {fileID: 100006}
  m_Material: {fileID: 0}
  m_IsTrigger: 0
  m_Enabled: 1
  serializedVersion: 2
  m_SmoothSphereCollisions: 0
  m_Convex: 0
  m_Mesh: {fileID: 4300000, guid: 28851e718a22e43969f1f74343d7aaf3, type: 3}
--- !u!1002 &6400007
EditorExtensionImpl:
  serializedVersion: 6
--- !u!64 &6400008
MeshCollider:
  m_ObjectHideFlags: 1
  m_PrefabParentObject: {fileID: 0}
  m_PrefabInternal: {fileID: 100100000}
  m_GameObject: {fileID: 100008}
  m_Material: {fileID: 0}
  m_IsTrigger: 0
  m_Enabled: 1
  serializedVersion: 2
  m_SmoothSphereCollisions: 0
  m_Convex: 0
  m_Mesh: {fileID: 4300000, guid: 28851e718a22e43969f1f74343d7aaf3, type: 3}
--- !u!1002 &6400009
EditorExtensionImpl:
  serializedVersion: 6
--- !u!64 &6400010
MeshCollider:
  m_ObjectHideFlags: 1
  m_PrefabParentObject: {fileID: 0}
  m_PrefabInternal: {fileID: 100100000}
  m_GameObject: {fileID: 100010}
  m_Material: {fileID: 0}
  m_IsTrigger: 0
  m_Enabled: 1
  serializedVersion: 2
  m_SmoothSphereCollisions: 0
  m_Convex: 0
  m_Mesh: {fileID: 4300000, guid: 28851e718a22e43969f1f74343d7aaf3, type: 3}
--- !u!1002 &6400011
EditorExtensionImpl:
  serializedVersion: 6
--- !u!64 &6400012
MeshCollider:
  m_ObjectHideFlags: 1
  m_PrefabParentObject: {fileID: 0}
  m_PrefabInternal: {fileID: 100100000}
  m_GameObject: {fileID: 100012}
  m_Material: {fileID: 0}
  m_IsTrigger: 0
  m_Enabled: 1
  serializedVersion: 2
  m_SmoothSphereCollisions: 0
  m_Convex: 0
  m_Mesh: {fileID: 4300000, guid: 28851e718a22e43969f1f74343d7aaf3, type: 3}
--- !u!1002 &6400013
EditorExtensionImpl:
  serializedVersion: 6
--- !u!64 &6400014
MeshCollider:
  m_ObjectHideFlags: 1
  m_PrefabParentObject: {fileID: 0}
  m_PrefabInternal: {fileID: 100100000}
  m_GameObject: {fileID: 100014}
  m_Material: {fileID: 0}
  m_IsTrigger: 0
  m_Enabled: 1
  serializedVersion: 2
  m_SmoothSphereCollisions: 0
  m_Convex: 0
  m_Mesh: {fileID: 4300000, guid: 28851e718a22e43969f1f74343d7aaf3, type: 3}
--- !u!1002 &6400015
EditorExtensionImpl:
  serializedVersion: 6
--- !u!64 &6400016
MeshCollider:
  m_ObjectHideFlags: 1
  m_PrefabParentObject: {fileID: 0}
  m_PrefabInternal: {fileID: 100100000}
  m_GameObject: {fileID: 100016}
  m_Material: {fileID: 0}
  m_IsTrigger: 0
  m_Enabled: 1
  serializedVersion: 2
  m_SmoothSphereCollisions: 0
  m_Convex: 0
  m_Mesh: {fileID: 4300000, guid: 28851e718a22e43969f1f74343d7aaf3, type: 3}
--- !u!1002 &6400017
EditorExtensionImpl:
  serializedVersion: 6
--- !u!64 &6400018
MeshCollider:
  m_ObjectHideFlags: 1
  m_PrefabParentObject: {fileID: 0}
  m_PrefabInternal: {fileID: 100100000}
  m_GameObject: {fileID: 100018}
  m_Material: {fileID: 0}
  m_IsTrigger: 0
  m_Enabled: 1
  serializedVersion: 2
  m_SmoothSphereCollisions: 0
  m_Convex: 0
  m_Mesh: {fileID: 4300000, guid: 28851e718a22e43969f1f74343d7aaf3, type: 3}
--- !u!1002 &6400019
EditorExtensionImpl:
  serializedVersion: 6
--- !u!64 &6400020
MeshCollider:
  m_ObjectHideFlags: 1
  m_PrefabParentObject: {fileID: 0}
  m_PrefabInternal: {fileID: 100100000}
  m_GameObject: {fileID: 100028}
  m_Material: {fileID: 0}
  m_IsTrigger: 0
  m_Enabled: 1
  serializedVersion: 2
  m_SmoothSphereCollisions: 0
  m_Convex: 0
  m_Mesh: {fileID: 4300000, guid: 28851e718a22e43969f1f74343d7aaf3, type: 3}
--- !u!1002 &6400021
EditorExtensionImpl:
  serializedVersion: 6
--- !u!64 &6400022
MeshCollider:
  m_ObjectHideFlags: 1
  m_PrefabParentObject: {fileID: 0}
  m_PrefabInternal: {fileID: 100100000}
  m_GameObject: {fileID: 100024}
  m_Material: {fileID: 0}
  m_IsTrigger: 0
  m_Enabled: 1
  serializedVersion: 2
  m_SmoothSphereCollisions: 0
  m_Convex: 0
  m_Mesh: {fileID: 4300000, guid: 28851e718a22e43969f1f74343d7aaf3, type: 3}
--- !u!1002 &6400023
EditorExtensionImpl:
  serializedVersion: 6
--- !u!64 &6400024
MeshCollider:
  m_ObjectHideFlags: 1
  m_PrefabParentObject: {fileID: 0}
  m_PrefabInternal: {fileID: 100100000}
  m_GameObject: {fileID: 100020}
  m_Material: {fileID: 0}
  m_IsTrigger: 0
  m_Enabled: 1
  serializedVersion: 2
  m_SmoothSphereCollisions: 0
  m_Convex: 0
  m_Mesh: {fileID: 4300000, guid: 28851e718a22e43969f1f74343d7aaf3, type: 3}
--- !u!1002 &6400025
EditorExtensionImpl:
  serializedVersion: 6
--- !u!64 &6400026
MeshCollider:
  m_ObjectHideFlags: 1
  m_PrefabParentObject: {fileID: 0}
  m_PrefabInternal: {fileID: 100100000}
  m_GameObject: {fileID: 100026}
  m_Material: {fileID: 0}
  m_IsTrigger: 0
  m_Enabled: 1
  serializedVersion: 2
  m_SmoothSphereCollisions: 0
  m_Convex: 0
  m_Mesh: {fileID: 4300000, guid: 28851e718a22e43969f1f74343d7aaf3, type: 3}
--- !u!1002 &6400027
EditorExtensionImpl:
  serializedVersion: 6
--- !u!64 &6400028
MeshCollider:
  m_ObjectHideFlags: 1
  m_PrefabParentObject: {fileID: 0}
  m_PrefabInternal: {fileID: 100100000}
  m_GameObject: {fileID: 100022}
  m_Material: {fileID: 0}
  m_IsTrigger: 0
  m_Enabled: 1
  serializedVersion: 2
  m_SmoothSphereCollisions: 0
  m_Convex: 0
  m_Mesh: {fileID: 4300000, guid: 28851e718a22e43969f1f74343d7aaf3, type: 3}
--- !u!1002 &6400029
EditorExtensionImpl:
  serializedVersion: 6
--- !u!64 &6400030
MeshCollider:
  m_ObjectHideFlags: 1
  m_PrefabParentObject: {fileID: 0}
  m_PrefabInternal: {fileID: 100100000}
  m_GameObject: {fileID: 100030}
  m_Material: {fileID: 0}
  m_IsTrigger: 0
  m_Enabled: 1
  serializedVersion: 2
  m_SmoothSphereCollisions: 0
  m_Convex: 0
  m_Mesh: {fileID: 4300000, guid: 28851e718a22e43969f1f74343d7aaf3, type: 3}
--- !u!1002 &6400031
EditorExtensionImpl:
  serializedVersion: 6
--- !u!64 &6400032
MeshCollider:
  m_ObjectHideFlags: 1
  m_PrefabParentObject: {fileID: 0}
  m_PrefabInternal: {fileID: 100100000}
  m_GameObject: {fileID: 100038}
  m_Material: {fileID: 0}
  m_IsTrigger: 0
  m_Enabled: 1
  serializedVersion: 2
  m_SmoothSphereCollisions: 0
  m_Convex: 0
  m_Mesh: {fileID: 4300000, guid: 28851e718a22e43969f1f74343d7aaf3, type: 3}
--- !u!1002 &6400033
EditorExtensionImpl:
  serializedVersion: 6
--- !u!64 &6400034
MeshCollider:
  m_ObjectHideFlags: 1
  m_PrefabParentObject: {fileID: 0}
  m_PrefabInternal: {fileID: 100100000}
  m_GameObject: {fileID: 100034}
  m_Material: {fileID: 0}
  m_IsTrigger: 0
  m_Enabled: 1
  serializedVersion: 2
  m_SmoothSphereCollisions: 0
  m_Convex: 0
  m_Mesh: {fileID: 4300000, guid: 28851e718a22e43969f1f74343d7aaf3, type: 3}
--- !u!1002 &6400035
EditorExtensionImpl:
  serializedVersion: 6
--- !u!64 &6400036
MeshCollider:
  m_ObjectHideFlags: 1
  m_PrefabParentObject: {fileID: 0}
  m_PrefabInternal: {fileID: 100100000}
  m_GameObject: {fileID: 100040}
  m_Material: {fileID: 0}
  m_IsTrigger: 0
  m_Enabled: 1
  serializedVersion: 2
  m_SmoothSphereCollisions: 0
  m_Convex: 0
  m_Mesh: {fileID: 4300000, guid: 28851e718a22e43969f1f74343d7aaf3, type: 3}
--- !u!1002 &6400037
EditorExtensionImpl:
  serializedVersion: 6
--- !u!64 &6400038
MeshCollider:
  m_ObjectHideFlags: 1
  m_PrefabParentObject: {fileID: 0}
  m_PrefabInternal: {fileID: 100100000}
  m_GameObject: {fileID: 100036}
  m_Material: {fileID: 0}
  m_IsTrigger: 0
  m_Enabled: 1
  serializedVersion: 2
  m_SmoothSphereCollisions: 0
  m_Convex: 0
  m_Mesh: {fileID: 4300000, guid: 28851e718a22e43969f1f74343d7aaf3, type: 3}
--- !u!1002 &6400039
EditorExtensionImpl:
  serializedVersion: 6
--- !u!64 &6400040
MeshCollider:
  m_ObjectHideFlags: 1
  m_PrefabParentObject: {fileID: 0}
  m_PrefabInternal: {fileID: 100100000}
  m_GameObject: {fileID: 100032}
  m_Material: {fileID: 0}
  m_IsTrigger: 0
  m_Enabled: 1
  serializedVersion: 2
  m_SmoothSphereCollisions: 0
  m_Convex: 0
  m_Mesh: {fileID: 4300000, guid: 28851e718a22e43969f1f74343d7aaf3, type: 3}
--- !u!1002 &6400041
EditorExtensionImpl:
  serializedVersion: 6
--- !u!111 &11100000
Animation:
  m_ObjectHideFlags: 1
  m_PrefabParentObject: {fileID: 0}
  m_PrefabInternal: {fileID: 100100000}
  m_GameObject: {fileID: 100000}
  m_Enabled: 1
  serializedVersion: 3
  m_Animation: {fileID: 0}
  m_Animations: []
  m_WrapMode: 0
  m_PlayAutomatically: 1
  m_AnimatePhysics: 0
  m_CullingType: 0
--- !u!1002 &11100001
EditorExtensionImpl:
  serializedVersion: 6
--- !u!111 &11100002
Animation:
  m_ObjectHideFlags: 1
  m_PrefabParentObject: {fileID: 0}
  m_PrefabInternal: {fileID: 100100000}
  m_GameObject: {fileID: 100002}
  m_Enabled: 1
  serializedVersion: 3
  m_Animation: {fileID: 0}
  m_Animations: []
  m_WrapMode: 0
  m_PlayAutomatically: 1
  m_AnimatePhysics: 0
  m_CullingType: 0
--- !u!1002 &11100003
EditorExtensionImpl:
  serializedVersion: 6
--- !u!111 &11100004
Animation:
  m_ObjectHideFlags: 1
  m_PrefabParentObject: {fileID: 0}
  m_PrefabInternal: {fileID: 100100000}
  m_GameObject: {fileID: 100004}
  m_Enabled: 1
  serializedVersion: 3
  m_Animation: {fileID: 0}
  m_Animations: []
  m_WrapMode: 0
  m_PlayAutomatically: 1
  m_AnimatePhysics: 0
  m_CullingType: 0
--- !u!1002 &11100005
EditorExtensionImpl:
  serializedVersion: 6
--- !u!111 &11100006
Animation:
  m_ObjectHideFlags: 1
  m_PrefabParentObject: {fileID: 0}
  m_PrefabInternal: {fileID: 100100000}
  m_GameObject: {fileID: 100006}
  m_Enabled: 1
  serializedVersion: 3
  m_Animation: {fileID: 0}
  m_Animations: []
  m_WrapMode: 0
  m_PlayAutomatically: 1
  m_AnimatePhysics: 0
  m_CullingType: 0
--- !u!1002 &11100007
EditorExtensionImpl:
  serializedVersion: 6
--- !u!111 &11100008
Animation:
  m_ObjectHideFlags: 1
  m_PrefabParentObject: {fileID: 0}
  m_PrefabInternal: {fileID: 100100000}
  m_GameObject: {fileID: 100008}
  m_Enabled: 1
  serializedVersion: 3
  m_Animation: {fileID: 0}
  m_Animations: []
  m_WrapMode: 0
  m_PlayAutomatically: 1
  m_AnimatePhysics: 0
  m_CullingType: 0
--- !u!1002 &11100009
EditorExtensionImpl:
  serializedVersion: 6
--- !u!111 &11100010
Animation:
  m_ObjectHideFlags: 1
  m_PrefabParentObject: {fileID: 0}
  m_PrefabInternal: {fileID: 100100000}
  m_GameObject: {fileID: 100010}
  m_Enabled: 1
  serializedVersion: 3
  m_Animation: {fileID: 0}
  m_Animations: []
  m_WrapMode: 0
  m_PlayAutomatically: 1
  m_AnimatePhysics: 0
  m_CullingType: 0
--- !u!1002 &11100011
EditorExtensionImpl:
  serializedVersion: 6
--- !u!111 &11100012
Animation:
  m_ObjectHideFlags: 1
  m_PrefabParentObject: {fileID: 0}
  m_PrefabInternal: {fileID: 100100000}
  m_GameObject: {fileID: 100012}
  m_Enabled: 1
  serializedVersion: 3
  m_Animation: {fileID: 0}
  m_Animations: []
  m_WrapMode: 0
  m_PlayAutomatically: 1
  m_AnimatePhysics: 0
  m_CullingType: 0
--- !u!1002 &11100013
EditorExtensionImpl:
  serializedVersion: 6
--- !u!111 &11100014
Animation:
  m_ObjectHideFlags: 1
  m_PrefabParentObject: {fileID: 0}
  m_PrefabInternal: {fileID: 100100000}
  m_GameObject: {fileID: 100014}
  m_Enabled: 1
  serializedVersion: 3
  m_Animation: {fileID: 0}
  m_Animations: []
  m_WrapMode: 0
  m_PlayAutomatically: 1
  m_AnimatePhysics: 0
  m_CullingType: 0
--- !u!1002 &11100015
EditorExtensionImpl:
  serializedVersion: 6
--- !u!111 &11100016
Animation:
  m_ObjectHideFlags: 1
  m_PrefabParentObject: {fileID: 0}
  m_PrefabInternal: {fileID: 100100000}
  m_GameObject: {fileID: 100016}
  m_Enabled: 1
  serializedVersion: 3
  m_Animation: {fileID: 0}
  m_Animations: []
  m_WrapMode: 0
  m_PlayAutomatically: 1
  m_AnimatePhysics: 0
  m_CullingType: 0
--- !u!1002 &11100017
EditorExtensionImpl:
  serializedVersion: 6
--- !u!111 &11100018
Animation:
  m_ObjectHideFlags: 1
  m_PrefabParentObject: {fileID: 0}
  m_PrefabInternal: {fileID: 100100000}
  m_GameObject: {fileID: 100018}
  m_Enabled: 1
  serializedVersion: 3
  m_Animation: {fileID: 0}
  m_Animations: []
  m_WrapMode: 0
  m_PlayAutomatically: 1
  m_AnimatePhysics: 0
  m_CullingType: 0
--- !u!1002 &11100019
EditorExtensionImpl:
  serializedVersion: 6
--- !u!111 &11100020
Animation:
  m_ObjectHideFlags: 1
  m_PrefabParentObject: {fileID: 0}
  m_PrefabInternal: {fileID: 100100000}
  m_GameObject: {fileID: 100020}
  m_Enabled: 1
  serializedVersion: 3
  m_Animation: {fileID: 0}
  m_Animations: []
  m_WrapMode: 0
  m_PlayAutomatically: 1
  m_AnimatePhysics: 0
  m_CullingType: 0
--- !u!1002 &11100021
EditorExtensionImpl:
  serializedVersion: 6
--- !u!111 &11100022
Animation:
  m_ObjectHideFlags: 1
  m_PrefabParentObject: {fileID: 0}
  m_PrefabInternal: {fileID: 100100000}
  m_GameObject: {fileID: 100022}
  m_Enabled: 1
  serializedVersion: 3
  m_Animation: {fileID: 0}
  m_Animations: []
  m_WrapMode: 0
  m_PlayAutomatically: 1
  m_AnimatePhysics: 0
  m_CullingType: 0
--- !u!1002 &11100023
EditorExtensionImpl:
  serializedVersion: 6
--- !u!111 &11100024
Animation:
  m_ObjectHideFlags: 1
  m_PrefabParentObject: {fileID: 0}
  m_PrefabInternal: {fileID: 100100000}
  m_GameObject: {fileID: 100024}
  m_Enabled: 1
  serializedVersion: 3
  m_Animation: {fileID: 0}
  m_Animations: []
  m_WrapMode: 0
  m_PlayAutomatically: 1
  m_AnimatePhysics: 0
  m_CullingType: 0
--- !u!1002 &11100025
EditorExtensionImpl:
  serializedVersion: 6
--- !u!111 &11100026
Animation:
  m_ObjectHideFlags: 1
  m_PrefabParentObject: {fileID: 0}
  m_PrefabInternal: {fileID: 100100000}
  m_GameObject: {fileID: 100026}
  m_Enabled: 1
  serializedVersion: 3
  m_Animation: {fileID: 0}
  m_Animations: []
  m_WrapMode: 0
  m_PlayAutomatically: 1
  m_AnimatePhysics: 0
  m_CullingType: 0
--- !u!1002 &11100027
EditorExtensionImpl:
  serializedVersion: 6
--- !u!111 &11100028
Animation:
  m_ObjectHideFlags: 1
  m_PrefabParentObject: {fileID: 0}
  m_PrefabInternal: {fileID: 100100000}
  m_GameObject: {fileID: 100028}
  m_Enabled: 1
  serializedVersion: 3
  m_Animation: {fileID: 0}
  m_Animations: []
  m_WrapMode: 0
  m_PlayAutomatically: 1
  m_AnimatePhysics: 0
  m_CullingType: 0
--- !u!1002 &11100029
EditorExtensionImpl:
  serializedVersion: 6
--- !u!111 &11100030
Animation:
  m_ObjectHideFlags: 1
  m_PrefabParentObject: {fileID: 0}
  m_PrefabInternal: {fileID: 100100000}
  m_GameObject: {fileID: 100030}
  m_Enabled: 1
  serializedVersion: 3
  m_Animation: {fileID: 0}
  m_Animations: []
  m_WrapMode: 0
  m_PlayAutomatically: 1
  m_AnimatePhysics: 0
  m_CullingType: 0
--- !u!1002 &11100031
EditorExtensionImpl:
  serializedVersion: 6
--- !u!111 &11100032
Animation:
  m_ObjectHideFlags: 1
  m_PrefabParentObject: {fileID: 0}
  m_PrefabInternal: {fileID: 100100000}
  m_GameObject: {fileID: 100032}
  m_Enabled: 1
  serializedVersion: 3
  m_Animation: {fileID: 0}
  m_Animations: []
  m_WrapMode: 0
  m_PlayAutomatically: 1
  m_AnimatePhysics: 0
  m_CullingType: 0
--- !u!1002 &11100033
EditorExtensionImpl:
  serializedVersion: 6
--- !u!111 &11100034
Animation:
  m_ObjectHideFlags: 1
  m_PrefabParentObject: {fileID: 0}
  m_PrefabInternal: {fileID: 100100000}
  m_GameObject: {fileID: 100034}
  m_Enabled: 1
  serializedVersion: 3
  m_Animation: {fileID: 0}
  m_Animations: []
  m_WrapMode: 0
  m_PlayAutomatically: 1
  m_AnimatePhysics: 0
  m_CullingType: 0
--- !u!1002 &11100035
EditorExtensionImpl:
  serializedVersion: 6
--- !u!111 &11100036
Animation:
  m_ObjectHideFlags: 1
  m_PrefabParentObject: {fileID: 0}
  m_PrefabInternal: {fileID: 100100000}
  m_GameObject: {fileID: 100036}
  m_Enabled: 1
  serializedVersion: 3
  m_Animation: {fileID: 0}
  m_Animations: []
  m_WrapMode: 0
  m_PlayAutomatically: 1
  m_AnimatePhysics: 0
  m_CullingType: 0
--- !u!1002 &11100037
EditorExtensionImpl:
  serializedVersion: 6
--- !u!111 &11100038
Animation:
  m_ObjectHideFlags: 1
  m_PrefabParentObject: {fileID: 0}
  m_PrefabInternal: {fileID: 100100000}
  m_GameObject: {fileID: 100038}
  m_Enabled: 1
  serializedVersion: 3
  m_Animation: {fileID: 0}
  m_Animations: []
  m_WrapMode: 0
  m_PlayAutomatically: 1
  m_AnimatePhysics: 0
  m_CullingType: 0
--- !u!1002 &11100039
EditorExtensionImpl:
  serializedVersion: 6
--- !u!111 &11100040
Animation:
  m_ObjectHideFlags: 1
  m_PrefabParentObject: {fileID: 0}
  m_PrefabInternal: {fileID: 100100000}
  m_GameObject: {fileID: 100040}
  m_Enabled: 1
  serializedVersion: 3
  m_Animation: {fileID: 0}
  m_Animations: []
  m_WrapMode: 0
  m_PlayAutomatically: 1
  m_AnimatePhysics: 0
  m_CullingType: 0
--- !u!1002 &11100041
EditorExtensionImpl:
  serializedVersion: 6
--- !u!1001 &100100000
Prefab:
  m_ObjectHideFlags: 1
  serializedVersion: 2
  m_Modification:
    m_TransformParent: {fileID: 0}
    m_Modifications: []
    m_RemovedComponents: []
  m_ParentPrefab: {fileID: 0}
  m_RootGameObject: {fileID: 100042}
  m_IsPrefabParent: 1
  m_IsExploded: 1
--- !u!1002 &100100001
EditorExtensionImpl:
  serializedVersion: 6
