%YAML 1.1
%TAG !u! tag:unity3d.com,2011:
--- !u!29 &1
SceneSettings:
  m_ObjectHideFlags: 0
  m_PVSData: 
  m_PVSObjectsArray: []
  m_PVSPortalsArray: []
  m_OcclusionBakeSettings:
    smallestOccluder: 5
    smallestHole: .25
    backfaceThreshold: 100
--- !u!104 &2
RenderSettings:
  m_Fog: 1
  m_FogColor: {r: .164714187, g: .169312179, b: .163616315, a: 1}
  m_FogMode: 3
  m_FogDensity: .00899999961
  m_LinearFogStart: 0
  m_LinearFogEnd: 300
  m_AmbientLight: {r: .200000003, g: .200000003, b: .200000003, a: 1}
  m_SkyboxMaterial: {fileID: 2100000, guid: 9ba05f538ee36044da5cd2a4f14a8b18, type: 2}
  m_HaloStrength: .5
  m_FlareStrength: 1
  m_FlareFadeSpeed: 3
  m_HaloTexture: {fileID: 0}
  m_SpotCookie: {fileID: 0}
  m_ObjectHideFlags: 0
--- !u!127 &3
LevelGameManager:
  m_ObjectHideFlags: 0
--- !u!157 &4
LightmapSettings:
  m_ObjectHideFlags: 0
  m_LightProbes: {fileID: 0}
  m_Lightmaps:
  - m_Lightmap: {fileID: 2800000, guid: f7dcd9dbc653b4c8997afca150648be6, type: 3}
    m_IndirectLightmap: {fileID: 2800000, guid: 4914d41e43f174b1683cb87b4457a0e9,
      type: 3}
  m_LightmapsMode: 1
  m_BakedColorSpace: 0
  m_UseDualLightmapsInForward: 0
  m_LightmapEditorSettings:
    m_Resolution: 400
    m_LastUsedResolution: 400
    m_TextureWidth: 1024
    m_TextureHeight: 1024
    m_BounceBoost: 1.43870974
    m_BounceIntensity: 2.49032259
    m_SkyLightColor: {r: 1, g: .899195015, b: .868411541, a: 1}
    m_SkyLightIntensity: .25
    m_Quality: 0
    m_Bounces: 4
    m_FinalGatherRays: 1000
    m_FinalGatherContrastThreshold: .0500000007
    m_FinalGatherGradientThreshold: 1
    m_FinalGatherInterpolationPoints: 30
    m_AOAmount: .479212463
    m_AOMaxDistance: .29676795
    m_AOContrast: 1
    m_LODSurfaceMappingDistance: 1
    m_Padding: 0
    m_TextureCompression: 0
    m_LockAtlas: 0
--- !u!1 &5
GameObject:
  m_ObjectHideFlags: 0
  m_PrefabParentObject: {fileID: 100000, guid: 5f3cb49fc6a3c4d15ac31988df3817fd, type: 2}
  m_PrefabInternal: {fileID: 130}
  serializedVersion: 4
  m_Component:
  - 4: {fileID: 38}
  - 33: {fileID: 106}
  - 23: {fileID: 84}
  m_Layer: 0
  m_Name: slotM_lever
  m_TagString: Untagged
  m_Icon: {fileID: 0}
  m_NavMeshLayer: 0
  m_StaticEditorFlags: 0
  m_IsActive: 1
--- !u!1 &6
GameObject:
  m_ObjectHideFlags: 0
  m_PrefabParentObject: {fileID: 100002, guid: 5f3cb49fc6a3c4d15ac31988df3817fd, type: 2}
  m_PrefabInternal: {fileID: 130}
  serializedVersion: 4
  m_Component:
  - 4: {fileID: 39}
  - 33: {fileID: 99}
  - 23: {fileID: 77}
  m_Layer: 0
  m_Name: slotM_glass
  m_TagString: Untagged
  m_Icon: {fileID: 0}
  m_NavMeshLayer: 0
  m_StaticEditorFlags: 0
  m_IsActive: 1
--- !u!1 &7
GameObject:
  m_ObjectHideFlags: 0
  m_PrefabParentObject: {fileID: 100004, guid: 5f3cb49fc6a3c4d15ac31988df3817fd, type: 2}
  m_PrefabInternal: {fileID: 130}
  serializedVersion: 4
  m_Component:
  - 4: {fileID: 40}
  - 33: {fileID: 108}
  - 23: {fileID: 86}
  m_Layer: 0
  m_Name: slotM_commode
  m_TagString: Untagged
  m_Icon: {fileID: 0}
  m_NavMeshLayer: 0
  m_StaticEditorFlags: 0
  m_IsActive: 1
--- !u!1 &8
GameObject:
  m_ObjectHideFlags: 0
  m_PrefabParentObject: {fileID: 100006, guid: 5f3cb49fc6a3c4d15ac31988df3817fd, type: 2}
  m_PrefabInternal: {fileID: 130}
  serializedVersion: 4
  m_Component:
  - 4: {fileID: 45}
  - 33: {fileID: 103}
  - 23: {fileID: 81}
  m_Layer: 0
  m_Name: roll_1
  m_TagString: Untagged
  m_Icon: {fileID: 0}
  m_NavMeshLayer: 0
  m_StaticEditorFlags: 0
  m_IsActive: 1
--- !u!1 &9
GameObject:
  m_ObjectHideFlags: 0
  m_PrefabParentObject: {fileID: 100008, guid: 5f3cb49fc6a3c4d15ac31988df3817fd, type: 2}
  m_PrefabInternal: {fileID: 130}
  serializedVersion: 4
  m_Component:
  - 4: {fileID: 44}
  - 33: {fileID: 98}
  - 23: {fileID: 76}
  m_Layer: 0
  m_Name: roll_2
  m_TagString: Untagged
  m_Icon: {fileID: 0}
  m_NavMeshLayer: 0
  m_StaticEditorFlags: 0
  m_IsActive: 1
--- !u!1 &10
GameObject:
  m_ObjectHideFlags: 0
  m_PrefabParentObject: {fileID: 100010, guid: 5f3cb49fc6a3c4d15ac31988df3817fd, type: 2}
  m_PrefabInternal: {fileID: 130}
  serializedVersion: 4
  m_Component:
  - 4: {fileID: 43}
  - 33: {fileID: 107}
  - 23: {fileID: 85}
  m_Layer: 0
  m_Name: roll_3
  m_TagString: Untagged
  m_Icon: {fileID: 0}
  m_NavMeshLayer: 0
  m_StaticEditorFlags: 0
  m_IsActive: 1
--- !u!1 &11
GameObject:
  m_ObjectHideFlags: 0
  m_PrefabParentObject: {fileID: 100012, guid: 5f3cb49fc6a3c4d15ac31988df3817fd, type: 2}
  m_PrefabInternal: {fileID: 130}
  serializedVersion: 4
  m_Component:
  - 4: {fileID: 53}
  - 33: {fileID: 96}
  - 23: {fileID: 74}
  m_Layer: 0
  m_Name: button_2
  m_TagString: Untagged
  m_Icon: {fileID: 0}
  m_NavMeshLayer: 0
  m_StaticEditorFlags: 0
  m_IsActive: 1
--- !u!1 &12
GameObject:
  m_ObjectHideFlags: 0
  m_PrefabParentObject: {fileID: 100014, guid: 5f3cb49fc6a3c4d15ac31988df3817fd, type: 2}
  m_PrefabInternal: {fileID: 130}
  serializedVersion: 4
  m_Component:
  - 4: {fileID: 54}
  - 33: {fileID: 104}
  - 23: {fileID: 82}
  m_Layer: 0
  m_Name: button_1
  m_TagString: Untagged
  m_Icon: {fileID: 0}
  m_NavMeshLayer: 0
  m_StaticEditorFlags: 0
  m_IsActive: 1
--- !u!1 &13
GameObject:
  m_ObjectHideFlags: 0
  m_PrefabParentObject: {fileID: 100016, guid: 5f3cb49fc6a3c4d15ac31988df3817fd, type: 2}
  m_PrefabInternal: {fileID: 130}
  serializedVersion: 4
  m_Component:
  - 4: {fileID: 52}
  - 33: {fileID: 102}
  - 23: {fileID: 80}
  m_Layer: 0
  m_Name: button_3
  m_TagString: Untagged
  m_Icon: {fileID: 0}
  m_NavMeshLayer: 0
  m_StaticEditorFlags: 0
  m_IsActive: 1
--- !u!1 &14
GameObject:
  m_ObjectHideFlags: 0
  m_PrefabParentObject: {fileID: 100018, guid: 5f3cb49fc6a3c4d15ac31988df3817fd, type: 2}
  m_PrefabInternal: {fileID: 130}
  serializedVersion: 4
  m_Component:
  - 4: {fileID: 51}
  - 33: {fileID: 97}
  - 23: {fileID: 75}
  m_Layer: 0
  m_Name: flashLight
  m_TagString: Untagged
  m_Icon: {fileID: 0}
  m_NavMeshLayer: 0
  m_StaticEditorFlags: 0
  m_IsActive: 1
--- !u!1 &15
GameObject:
  m_ObjectHideFlags: 0
  m_PrefabParentObject: {fileID: 100020, guid: 5f3cb49fc6a3c4d15ac31988df3817fd, type: 2}
  m_PrefabInternal: {fileID: 130}
  serializedVersion: 4
  m_Component:
  - 4: {fileID: 41}
  - 33: {fileID: 95}
  - 23: {fileID: 73}
  m_Layer: 0
  m_Name: slotM_body
  m_TagString: Untagged
  m_Icon: {fileID: 0}
  m_NavMeshLayer: 0
  m_StaticEditorFlags: 0
  m_IsActive: 1
--- !u!1 &16
GameObject:
  m_ObjectHideFlags: 0
  m_PrefabParentObject: {fileID: 100022, guid: 5f3cb49fc6a3c4d15ac31988df3817fd, type: 2}
  m_PrefabInternal: {fileID: 130}
  serializedVersion: 4
  m_Component:
  - 4: {fileID: 42}
  - 33: {fileID: 100}
  - 23: {fileID: 78}
  m_Layer: 0
  m_Name: slotM_back
  m_TagString: Untagged
  m_Icon: {fileID: 0}
  m_NavMeshLayer: 0
  m_StaticEditorFlags: 0
  m_IsActive: 1
--- !u!1 &17
GameObject:
  m_ObjectHideFlags: 0
  m_PrefabParentObject: {fileID: 100024, guid: 5f3cb49fc6a3c4d15ac31988df3817fd, type: 2}
  m_PrefabInternal: {fileID: 130}
  serializedVersion: 4
  m_Component:
  - 4: {fileID: 46}
  - 33: {fileID: 101}
  - 23: {fileID: 79}
  m_Layer: 0
  m_Name: nr_board
  m_TagString: Untagged
  m_Icon: {fileID: 0}
  m_NavMeshLayer: 0
  m_StaticEditorFlags: 0
  m_IsActive: 1
--- !u!1 &18
GameObject:
  m_ObjectHideFlags: 0
  m_PrefabParentObject: {fileID: 100026, guid: 5f3cb49fc6a3c4d15ac31988df3817fd, type: 2}
  m_PrefabInternal: {fileID: 130}
  serializedVersion: 4
  m_Component:
  - 4: {fileID: 37}
  - 33: {fileID: 94}
  - 23: {fileID: 72}
  - 114: {fileID: 123}
  m_Layer: 0
  m_Name: speed_1
  m_TagString: Untagged
  m_Icon: {fileID: 0}
  m_NavMeshLayer: 0
  m_StaticEditorFlags: 0
  m_IsActive: 1
--- !u!1 &19
GameObject:
  m_ObjectHideFlags: 0
  m_PrefabParentObject: {fileID: 100028, guid: 5f3cb49fc6a3c4d15ac31988df3817fd, type: 2}
  m_PrefabInternal: {fileID: 130}
  serializedVersion: 4
  m_Component:
  - 4: {fileID: 36}
  - 33: {fileID: 93}
  - 23: {fileID: 71}
  - 114: {fileID: 122}
  m_Layer: 0
  m_Name: speed_2
  m_TagString: Untagged
  m_Icon: {fileID: 0}
  m_NavMeshLayer: 0
  m_StaticEditorFlags: 0
  m_IsActive: 1
--- !u!1 &20
GameObject:
  m_ObjectHideFlags: 0
  m_PrefabParentObject: {fileID: 100030, guid: 5f3cb49fc6a3c4d15ac31988df3817fd, type: 2}
  m_PrefabInternal: {fileID: 130}
  serializedVersion: 4
  m_Component:
  - 4: {fileID: 35}
  - 33: {fileID: 105}
  - 23: {fileID: 83}
  - 114: {fileID: 121}
  m_Layer: 0
  m_Name: speed_3
  m_TagString: Untagged
  m_Icon: {fileID: 0}
  m_NavMeshLayer: 0
  m_StaticEditorFlags: 0
  m_IsActive: 1
--- !u!1 &21
GameObject:
  m_ObjectHideFlags: 0
  m_PrefabParentObject: {fileID: 100032, guid: 5f3cb49fc6a3c4d15ac31988df3817fd, type: 2}
  m_PrefabInternal: {fileID: 130}
  serializedVersion: 4
  m_Component:
  - 4: {fileID: 47}
  - 33: {fileID: 92}
  - 23: {fileID: 70}
  m_Layer: 0
  m_Name: nr_4
  m_TagString: Untagged
  m_Icon: {fileID: 0}
  m_NavMeshLayer: 0
  m_StaticEditorFlags: 0
  m_IsActive: 1
--- !u!1 &22
GameObject:
  m_ObjectHideFlags: 0
  m_PrefabParentObject: {fileID: 100034, guid: 5f3cb49fc6a3c4d15ac31988df3817fd, type: 2}
  m_PrefabInternal: {fileID: 130}
  serializedVersion: 4
  m_Component:
  - 4: {fileID: 48}
  - 33: {fileID: 91}
  - 23: {fileID: 69}
  m_Layer: 0
  m_Name: nr_3
  m_TagString: Untagged
  m_Icon: {fileID: 0}
  m_NavMeshLayer: 0
  m_StaticEditorFlags: 0
  m_IsActive: 1
--- !u!1 &23
GameObject:
  m_ObjectHideFlags: 0
  m_PrefabParentObject: {fileID: 100036, guid: 5f3cb49fc6a3c4d15ac31988df3817fd, type: 2}
  m_PrefabInternal: {fileID: 130}
  serializedVersion: 4
  m_Component:
  - 4: {fileID: 49}
  - 33: {fileID: 88}
  - 23: {fileID: 66}
  m_Layer: 0
  m_Name: nr_2
  m_TagString: Untagged
  m_Icon: {fileID: 0}
  m_NavMeshLayer: 0
  m_StaticEditorFlags: 0
  m_IsActive: 1
--- !u!1 &24
GameObject:
  m_ObjectHideFlags: 0
  m_PrefabParentObject: {fileID: 100038, guid: 5f3cb49fc6a3c4d15ac31988df3817fd, type: 2}
  m_PrefabInternal: {fileID: 130}
  serializedVersion: 4
  m_Component:
  - 4: {fileID: 50}
  - 33: {fileID: 90}
  - 23: {fileID: 68}
  m_Layer: 0
  m_Name: nr_1
  m_TagString: Untagged
  m_Icon: {fileID: 0}
  m_NavMeshLayer: 0
  m_StaticEditorFlags: 0
  m_IsActive: 1
--- !u!1 &25
GameObject:
  m_ObjectHideFlags: 0
  m_PrefabParentObject: {fileID: 100040, guid: 5f3cb49fc6a3c4d15ac31988df3817fd, type: 2}
  m_PrefabInternal: {fileID: 130}
  serializedVersion: 4
  m_Component:
  - 4: {fileID: 55}
  - 33: {fileID: 89}
  - 23: {fileID: 67}
  m_Layer: 0
  m_Name: arrow_board
  m_TagString: Untagged
  m_Icon: {fileID: 0}
  m_NavMeshLayer: 0
  m_StaticEditorFlags: 0
  m_IsActive: 1
--- !u!1 &26
GameObject:
  m_ObjectHideFlags: 0
  m_PrefabParentObject: {fileID: 100042, guid: 5f3cb49fc6a3c4d15ac31988df3817fd, type: 2}
  m_PrefabInternal: {fileID: 130}
  serializedVersion: 4
  m_Component:
  - 4: {fileID: 56}
  - 111: {fileID: 119}
  - 114: {fileID: 124}
  - 82: {fileID: 112}
  m_Layer: 0
  m_Name: SlotMachine_Black_prefab
  m_TagString: Untagged
  m_Icon: {fileID: 0}
  m_NavMeshLayer: 0
  m_StaticEditorFlags: 0
  m_IsActive: 1
--- !u!1 &27
GameObject:
  m_ObjectHideFlags: 0
  m_PrefabParentObject: {fileID: 0}
  m_PrefabInternal: {fileID: 0}
  serializedVersion: 4
  m_Component:
  - 4: {fileID: 57}
  - 108: {fileID: 114}
  m_Layer: 0
  m_Name: Point light
  m_TagString: Untagged
  m_Icon: {fileID: 0}
  m_NavMeshLayer: 0
  m_StaticEditorFlags: 0
  m_IsActive: 1
--- !u!1 &28
GameObject:
  m_ObjectHideFlags: 0
  m_PrefabParentObject: {fileID: 0}
  m_PrefabInternal: {fileID: 0}
  serializedVersion: 4
  m_Component:
  - 4: {fileID: 58}
  - 108: {fileID: 115}
  m_Layer: 0
  m_Name: Point light
  m_TagString: Untagged
  m_Icon: {fileID: 0}
  m_NavMeshLayer: 0
  m_StaticEditorFlags: 0
  m_IsActive: 1
--- !u!1 &29
GameObject:
  m_ObjectHideFlags: 0
  m_PrefabParentObject: {fileID: 0}
  m_PrefabInternal: {fileID: 0}
  serializedVersion: 4
  m_Component:
  - 4: {fileID: 59}
  - 33: {fileID: 109}
  - 64: {fileID: 110}
  - 23: {fileID: 87}
  m_Layer: 0
  m_Name: Plane
  m_TagString: Untagged
  m_Icon: {fileID: 0}
  m_NavMeshLayer: 0
  m_StaticEditorFlags: 0
  m_IsActive: 1
--- !u!1 &30
GameObject:
  m_ObjectHideFlags: 0
  m_PrefabParentObject: {fileID: 0}
  m_PrefabInternal: {fileID: 0}
  serializedVersion: 4
  m_Component:
  - 4: {fileID: 60}
  m_Layer: 0
  m_Name: MITTELPUNKT
  m_TagString: Untagged
  m_Icon: {fileID: 0}
  m_NavMeshLayer: 0
  m_StaticEditorFlags: 0
  m_IsActive: 1
--- !u!1 &31
GameObject:
  m_ObjectHideFlags: 0
  m_PrefabParentObject: {fileID: 0}
  m_PrefabInternal: {fileID: 0}
  serializedVersion: 4
  m_Component:
  - 4: {fileID: 61}
  - 108: {fileID: 116}
  m_Layer: 0
  m_Name: Spotlight
  m_TagString: Untagged
  m_Icon: {fileID: 0}
  m_NavMeshLayer: 0
  m_StaticEditorFlags: 0
  m_IsActive: 1
--- !u!1 &32
GameObject:
  m_ObjectHideFlags: 0
  m_PrefabParentObject: {fileID: 0}
  m_PrefabInternal: {fileID: 0}
  serializedVersion: 4
  m_Component:
  - 4: {fileID: 62}
  - 108: {fileID: 117}
  m_Layer: 0
  m_Name: Point light
  m_TagString: Untagged
  m_Icon: {fileID: 0}
  m_NavMeshLayer: 0
  m_StaticEditorFlags: 0
  m_IsActive: 0
--- !u!1 &33
GameObject:
  m_ObjectHideFlags: 0
  m_PrefabParentObject: {fileID: 0}
  m_PrefabInternal: {fileID: 0}
  serializedVersion: 4
  m_Component:
  - 4: {fileID: 63}
  - 108: {fileID: 118}
  m_Layer: 0
  m_Name: SUN
  m_TagString: Untagged
  m_Icon: {fileID: 0}
  m_NavMeshLayer: 0
  m_StaticEditorFlags: 4294967295
  m_IsActive: 1
--- !u!1 &34
GameObject:
  m_ObjectHideFlags: 0
  m_PrefabParentObject: {fileID: 0}
  m_PrefabInternal: {fileID: 0}
  serializedVersion: 4
  m_Component:
  - 4: {fileID: 64}
  - 20: {fileID: 65}
  - 92: {fileID: 113}
  - 124: {fileID: 120}
  - 81: {fileID: 111}
  - 114: {fileID: 129}
  - 114: {fileID: 128}
  - 114: {fileID: 127}
  - 114: {fileID: 126}
  - 114: {fileID: 125}
  m_Layer: 0
  m_Name: Main Camera
  m_TagString: MainCamera
  m_Icon: {fileID: 0}
  m_NavMeshLayer: 0
  m_StaticEditorFlags: 0
  m_IsActive: 1
--- !u!4 &35
Transform:
  m_ObjectHideFlags: 0
  m_PrefabParentObject: {fileID: 400036, guid: 5f3cb49fc6a3c4d15ac31988df3817fd, type: 2}
  m_PrefabInternal: {fileID: 130}
  m_GameObject: {fileID: 20}
  m_LocalRotation: {x: 0, y: -0, z: -0, w: 1}
  m_LocalPosition: {x: -.0790000036, y: 1.53017879, z: .0262227468}
  m_LocalScale: {x: 1, y: 1, z: 1}
  m_Children: []
  m_Father: {fileID: 56}
  m_RootOrder: 20
--- !u!4 &36
Transform:
  m_ObjectHideFlags: 0
  m_PrefabParentObject: {fileID: 400010, guid: 5f3cb49fc6a3c4d15ac31988df3817fd, type: 2}
  m_PrefabInternal: {fileID: 130}
  m_GameObject: {fileID: 19}
  m_LocalRotation: {x: 0, y: -0, z: -0, w: 1}
  m_LocalPosition: {x: .00039857626, y: 1.53017879, z: .0262227468}
  m_LocalScale: {x: 1, y: 1, z: 1}
  m_Children: []
  m_Father: {fileID: 56}
  m_RootOrder: 19
--- !u!4 &37
Transform:
  m_ObjectHideFlags: 0
  m_PrefabParentObject: {fileID: 400012, guid: 5f3cb49fc6a3c4d15ac31988df3817fd, type: 2}
  m_PrefabInternal: {fileID: 130}
  m_GameObject: {fileID: 18}
  m_LocalRotation: {x: 0, y: -0, z: -0, w: 1}
  m_LocalPosition: {x: .080117844, y: 1.53017879, z: .0262227468}
  m_LocalScale: {x: 1, y: 1, z: 1}
  m_Children: []
  m_Father: {fileID: 56}
  m_RootOrder: 18
--- !u!4 &38
Transform:
  m_ObjectHideFlags: 0
  m_PrefabParentObject: {fileID: 400038, guid: 5f3cb49fc6a3c4d15ac31988df3817fd, type: 2}
  m_PrefabInternal: {fileID: 130}
  m_GameObject: {fileID: 5}
  m_LocalRotation: {x: 0, y: -0, z: -0, w: 1}
  m_LocalPosition: {x: -.199889541, y: 1.46094847, z: -.0630712211}
  m_LocalScale: {x: 1, y: 1, z: 1}
  m_Children: []
  m_Father: {fileID: 56}
  m_RootOrder: 17
--- !u!4 &39
Transform:
  m_ObjectHideFlags: 0
  m_PrefabParentObject: {fileID: 400022, guid: 5f3cb49fc6a3c4d15ac31988df3817fd, type: 2}
  m_PrefabInternal: {fileID: 130}
  m_GameObject: {fileID: 6}
  m_LocalRotation: {x: 0, y: -0, z: -0, w: 1}
  m_LocalPosition: {x: .000932827592, y: 1.48767686, z: -.0119619071}
  m_LocalScale: {x: 1, y: 1, z: 1}
  m_Children: []
  m_Father: {fileID: 56}
  m_RootOrder: 16
--- !u!4 &40
Transform:
  m_ObjectHideFlags: 0
  m_PrefabParentObject: {fileID: 400042, guid: 5f3cb49fc6a3c4d15ac31988df3817fd, type: 2}
  m_PrefabInternal: {fileID: 130}
  m_GameObject: {fileID: 7}
  m_LocalRotation: {x: 0, y: -0, z: -0, w: 1}
  m_LocalPosition: {x: .000419951975, y: .499946505, z: .0014115274}
  m_LocalScale: {x: 1, y: 1, z: 1}
  m_Children: []
  m_Father: {fileID: 56}
  m_RootOrder: 15
--- !u!4 &41
Transform:
  m_ObjectHideFlags: 0
  m_PrefabParentObject: {fileID: 400014, guid: 5f3cb49fc6a3c4d15ac31988df3817fd, type: 2}
  m_PrefabInternal: {fileID: 130}
  m_GameObject: {fileID: 15}
  m_LocalRotation: {x: 0, y: -0, z: -0, w: 1}
  m_LocalPosition: {x: .000932827592, y: 1.48767686, z: -.0119619146}
  m_LocalScale: {x: 1, y: 1, z: 1}
  m_Children: []
  m_Father: {fileID: 56}
  m_RootOrder: 14
--- !u!4 &42
Transform:
  m_ObjectHideFlags: 0
  m_PrefabParentObject: {fileID: 400024, guid: 5f3cb49fc6a3c4d15ac31988df3817fd, type: 2}
  m_PrefabInternal: {fileID: 130}
  m_GameObject: {fileID: 16}
  m_LocalRotation: {x: 0, y: -0, z: -0, w: 1}
  m_LocalPosition: {x: .000932827592, y: 1.48767686, z: -.0119619081}
  m_LocalScale: {x: 1, y: 1, z: 1}
  m_Children: []
  m_Father: {fileID: 56}
  m_RootOrder: 13
--- !u!4 &43
Transform:
  m_ObjectHideFlags: 0
  m_PrefabParentObject: {fileID: 400040, guid: 5f3cb49fc6a3c4d15ac31988df3817fd, type: 2}
  m_PrefabInternal: {fileID: 130}
  m_GameObject: {fileID: 10}
  m_LocalRotation: {x: 0, y: -0, z: -0, w: 1}
  m_LocalPosition: {x: -.0790000036, y: 1.53017879, z: .0262227468}
  m_LocalScale: {x: 1, y: 1, z: 1}
  m_Children: []
  m_Father: {fileID: 56}
  m_RootOrder: 12
--- !u!4 &44
Transform:
  m_ObjectHideFlags: 0
  m_PrefabParentObject: {fileID: 400020, guid: 5f3cb49fc6a3c4d15ac31988df3817fd, type: 2}
  m_PrefabInternal: {fileID: 130}
  m_GameObject: {fileID: 9}
  m_LocalRotation: {x: 0, y: -0, z: -0, w: 1}
  m_LocalPosition: {x: .00039857626, y: 1.53017879, z: .0262227468}
  m_LocalScale: {x: 1, y: 1, z: 1}
  m_Children: []
  m_Father: {fileID: 56}
  m_RootOrder: 11
--- !u!4 &45
Transform:
  m_ObjectHideFlags: 0
  m_PrefabParentObject: {fileID: 400030, guid: 5f3cb49fc6a3c4d15ac31988df3817fd, type: 2}
  m_PrefabInternal: {fileID: 130}
  m_GameObject: {fileID: 8}
  m_LocalRotation: {x: 0, y: -0, z: -0, w: 1}
  m_LocalPosition: {x: .080117844, y: 1.53017879, z: .0262227468}
  m_LocalScale: {x: 1, y: 1, z: 1}
  m_Children: []
  m_Father: {fileID: 56}
  m_RootOrder: 10
--- !u!4 &46
Transform:
  m_ObjectHideFlags: 0
  m_PrefabParentObject: {fileID: 400026, guid: 5f3cb49fc6a3c4d15ac31988df3817fd, type: 2}
  m_PrefabInternal: {fileID: 130}
  m_GameObject: {fileID: 17}
  m_LocalRotation: {x: 0, y: -0, z: -0, w: 1}
  m_LocalPosition: {x: .000188425183, y: 1.70171726, z: -.0109635266}
  m_LocalScale: {x: 1, y: 1, z: 1}
  m_Children: []
  m_Father: {fileID: 56}
  m_RootOrder: 9
--- !u!4 &47
Transform:
  m_ObjectHideFlags: 0
  m_PrefabParentObject: {fileID: 400008, guid: 5f3cb49fc6a3c4d15ac31988df3817fd, type: 2}
  m_PrefabInternal: {fileID: 130}
  m_GameObject: {fileID: 21}
  m_LocalRotation: {x: 0, y: -0, z: -0, w: 1}
  m_LocalPosition: {x: .000188425183, y: 1.70171726, z: -.0109635266}
  m_LocalScale: {x: 1, y: 1, z: 1}
  m_Children: []
  m_Father: {fileID: 56}
  m_RootOrder: 8
--- !u!4 &48
Transform:
  m_ObjectHideFlags: 0
  m_PrefabParentObject: {fileID: 400006, guid: 5f3cb49fc6a3c4d15ac31988df3817fd, type: 2}
  m_PrefabInternal: {fileID: 130}
  m_GameObject: {fileID: 22}
  m_LocalRotation: {x: 0, y: -0, z: -0, w: 1}
  m_LocalPosition: {x: .000188425183, y: 1.73330021, z: -.009355193}
  m_LocalScale: {x: 1, y: 1, z: 1}
  m_Children: []
  m_Father: {fileID: 56}
  m_RootOrder: 7
--- !u!4 &49
Transform:
  m_ObjectHideFlags: 0
  m_PrefabParentObject: {fileID: 400000, guid: 5f3cb49fc6a3c4d15ac31988df3817fd, type: 2}
  m_PrefabInternal: {fileID: 130}
  m_GameObject: {fileID: 23}
  m_LocalRotation: {x: 0, y: -0, z: -0, w: 1}
  m_LocalPosition: {x: .000188425183, y: 1.76319885, z: -.00730430987}
  m_LocalScale: {x: 1, y: 1, z: 1}
  m_Children: []
  m_Father: {fileID: 56}
  m_RootOrder: 6
--- !u!4 &50
Transform:
  m_ObjectHideFlags: 0
  m_PrefabParentObject: {fileID: 400004, guid: 5f3cb49fc6a3c4d15ac31988df3817fd, type: 2}
  m_PrefabInternal: {fileID: 130}
  m_GameObject: {fileID: 24}
  m_LocalRotation: {x: 0, y: -0, z: -0, w: 1}
  m_LocalPosition: {x: .000188425183, y: 1.79393959, z: -.00555941183}
  m_LocalScale: {x: 1, y: 1, z: 1}
  m_Children: []
  m_Father: {fileID: 56}
  m_RootOrder: 5
--- !u!4 &51
Transform:
  m_ObjectHideFlags: 0
  m_PrefabParentObject: {fileID: 400018, guid: 5f3cb49fc6a3c4d15ac31988df3817fd, type: 2}
  m_PrefabInternal: {fileID: 130}
  m_GameObject: {fileID: 14}
  m_LocalRotation: {x: 0, y: -0, z: -0, w: 1}
  m_LocalPosition: {x: .000932747964, y: 1.91469872, z: -.0872015357}
  m_LocalScale: {x: 1, y: 1, z: 1}
  m_Children: []
  m_Father: {fileID: 56}
  m_RootOrder: 4
--- !u!4 &52
Transform:
  m_ObjectHideFlags: 0
  m_PrefabParentObject: {fileID: 400028, guid: 5f3cb49fc6a3c4d15ac31988df3817fd, type: 2}
  m_PrefabInternal: {fileID: 130}
  m_GameObject: {fileID: 13}
  m_LocalRotation: {x: 0, y: -0, z: -0, w: 1}
  m_LocalPosition: {x: -.0795655549, y: 1.41651475, z: .12737003}
  m_LocalScale: {x: 1, y: 1, z: 1}
  m_Children: []
  m_Father: {fileID: 56}
  m_RootOrder: 3
--- !u!4 &53
Transform:
  m_ObjectHideFlags: 0
  m_PrefabParentObject: {fileID: 400016, guid: 5f3cb49fc6a3c4d15ac31988df3817fd, type: 2}
  m_PrefabInternal: {fileID: 130}
  m_GameObject: {fileID: 11}
  m_LocalRotation: {x: 0, y: -0, z: -0, w: 1}
  m_LocalPosition: {x: -.000325250323, y: 1.41651475, z: .12737}
  m_LocalScale: {x: 1, y: 1, z: 1}
  m_Children: []
  m_Father: {fileID: 56}
  m_RootOrder: 2
--- !u!4 &54
Transform:
  m_ObjectHideFlags: 0
  m_PrefabParentObject: {fileID: 400032, guid: 5f3cb49fc6a3c4d15ac31988df3817fd, type: 2}
  m_PrefabInternal: {fileID: 130}
  m_GameObject: {fileID: 12}
  m_LocalRotation: {x: 0, y: -0, z: -0, w: 1}
  m_LocalPosition: {x: .0800749809, y: 1.41651475, z: .127157271}
  m_LocalScale: {x: 1, y: 1, z: 1}
  m_Children: []
  m_Father: {fileID: 56}
  m_RootOrder: 1
--- !u!4 &55
Transform:
  m_ObjectHideFlags: 0
  m_PrefabParentObject: {fileID: 400002, guid: 5f3cb49fc6a3c4d15ac31988df3817fd, type: 2}
  m_PrefabInternal: {fileID: 130}
  m_GameObject: {fileID: 25}
  m_LocalRotation: {x: 0, y: 0, z: 0, w: 1}
  m_LocalPosition: {x: -.151077271, y: 1.53188896, z: .0493774414}
  m_LocalScale: {x: 1, y: 1, z: 1}
  m_Children: []
  m_Father: {fileID: 56}
  m_RootOrder: 0
--- !u!4 &56
Transform:
  m_ObjectHideFlags: 0
  m_PrefabParentObject: {fileID: 400034, guid: 5f3cb49fc6a3c4d15ac31988df3817fd, type: 2}
  m_PrefabInternal: {fileID: 130}
  m_GameObject: {fileID: 26}
  m_LocalRotation: {x: 0, y: 1, z: 0, w: -1.62920685e-07}
  m_LocalPosition: {x: 138.882645, y: 7.93594837, z: 156.699478}
  m_LocalScale: {x: 1, y: 1, z: 1}
  m_Children:
  - {fileID: 55}
  - {fileID: 54}
  - {fileID: 53}
  - {fileID: 52}
  - {fileID: 51}
  - {fileID: 50}
  - {fileID: 49}
  - {fileID: 48}
  - {fileID: 47}
  - {fileID: 46}
  - {fileID: 45}
  - {fileID: 44}
  - {fileID: 43}
  - {fileID: 42}
  - {fileID: 41}
  - {fileID: 40}
  - {fileID: 39}
  - {fileID: 38}
  - {fileID: 37}
  - {fileID: 36}
  - {fileID: 35}
  m_Father: {fileID: 0}
  m_RootOrder: 1
--- !u!4 &57
Transform:
  m_ObjectHideFlags: 0
  m_PrefabParentObject: {fileID: 0}
  m_PrefabInternal: {fileID: 0}
  m_GameObject: {fileID: 27}
  m_LocalRotation: {x: 0, y: 0, z: 0, w: 1}
  m_LocalPosition: {x: 136.604691, y: 10.7850342, z: 157.841995}
  m_LocalScale: {x: 1, y: 1, z: 1}
  m_Children: []
  m_Father: {fileID: 0}
  m_RootOrder: 4
--- !u!4 &58
Transform:
  m_ObjectHideFlags: 0
  m_PrefabParentObject: {fileID: 0}
  m_PrefabInternal: {fileID: 0}
  m_GameObject: {fileID: 28}
  m_LocalRotation: {x: 0, y: 0, z: 0, w: 1}
  m_LocalPosition: {x: 140.163818, y: 10.7850342, z: 154.988892}
  m_LocalScale: {x: 1, y: 1, z: 1}
  m_Children: []
  m_Father: {fileID: 0}
  m_RootOrder: 5
--- !u!4 &59
Transform:
  m_ObjectHideFlags: 0
  m_PrefabParentObject: {fileID: 0}
  m_PrefabInternal: {fileID: 0}
  m_GameObject: {fileID: 29}
  m_LocalRotation: {x: 0, y: 0, z: 0, w: 1}
  m_LocalPosition: {x: 132.247192, y: 7.94111538, z: 134.205566}
  m_LocalScale: {x: 45.0183258, y: 45.0183258, z: 45.0183258}
  m_Children: []
  m_Father: {fileID: 0}
  m_RootOrder: 3
--- !u!4 &60
Transform:
  m_ObjectHideFlags: 0
  m_PrefabParentObject: {fileID: 0}
  m_PrefabInternal: {fileID: 0}
  m_GameObject: {fileID: 30}
  m_LocalRotation: {x: 0, y: 0, z: 0, w: 1}
  m_LocalPosition: {x: 138.877823, y: 9.59678936, z: 156.782913}
  m_LocalScale: {x: 1, y: 1, z: 1}
  m_Children: []
  m_Father: {fileID: 0}
  m_RootOrder: 2
--- !u!4 &61
Transform:
  m_ObjectHideFlags: 0
  m_PrefabParentObject: {fileID: 0}
  m_PrefabInternal: {fileID: 0}
  m_GameObject: {fileID: 31}
  m_LocalRotation: {x: .627215922, y: 0, z: 0, w: .778845429}
  m_LocalPosition: {x: 138.27298, y: 15.3746033, z: 151.908997}
  m_LocalScale: {x: 1, y: 1, z: 1}
  m_Children: []
  m_Father: {fileID: 0}
  m_RootOrder: 6
--- !u!4 &62
Transform:
  m_ObjectHideFlags: 0
  m_PrefabParentObject: {fileID: 0}
  m_PrefabInternal: {fileID: 0}
  m_GameObject: {fileID: 32}
  m_LocalRotation: {x: 0, y: 0, z: 0, w: 1}
  m_LocalPosition: {x: .000213623047, y: 3.26846695, z: 4.31917572}
  m_LocalScale: {x: 1, y: 1, z: 1}
  m_Children: []
  m_Father: {fileID: 64}
  m_RootOrder: 0
--- !u!4 &63
Transform:
  m_ObjectHideFlags: 0
  m_PrefabParentObject: {fileID: 0}
  m_PrefabInternal: {fileID: 0}
  m_GameObject: {fileID: 33}
  m_LocalRotation: {x: .362804055, y: -.0178523827, z: -.183103114, w: .913524926}
  m_LocalPosition: {x: -82.2931824, y: 78.2534027, z: -101.612335}
  m_LocalScale: {x: 1, y: 1, z: 1}
  m_Children: []
  m_Father: {fileID: 0}
  m_RootOrder: 7
--- !u!4 &64
Transform:
  m_ObjectHideFlags: 0
  m_PrefabParentObject: {fileID: 0}
  m_PrefabInternal: {fileID: 0}
  m_GameObject: {fileID: 34}
  m_LocalRotation: {x: 0, y: 0, z: 0, w: 1}
  m_LocalPosition: {x: 138.48558, y: 9.63320923, z: 155.385117}
  m_LocalScale: {x: 1, y: 1, z: 1}
  m_Children:
  - {fileID: 62}
  m_Father: {fileID: 0}
  m_RootOrder: 0
--- !u!20 &65
Camera:
  m_ObjectHideFlags: 0
  m_PrefabParentObject: {fileID: 0}
  m_PrefabInternal: {fileID: 0}
  m_GameObject: {fileID: 34}
  m_Enabled: 1
  serializedVersion: 2
  m_ClearFlags: 1
  m_BackGroundColor: {r: .192156866, g: .301960796, b: .474509805, a: .0196078438}
  m_NormalizedViewPortRect:
    serializedVersion: 2
    x: 0
    y: 0
    width: 1
    height: 1
  near clip plane: .00999999978
  far clip plane: 1000
  field of view: 60
  orthographic: 0
  orthographic size: 100
  m_Depth: -1
  m_CullingMask:
    serializedVersion: 2
    m_Bits: 4294967295
  m_RenderingPath: 2
  m_TargetTexture: {fileID: 0}
  m_TargetDisplay: 0
  m_HDR: 0
  m_OcclusionCulling: 1
  m_StereoConvergence: 10
  m_StereoSeparation: .0219999999
--- !u!23 &66
Renderer:
  m_ObjectHideFlags: 0
  m_PrefabParentObject: {fileID: 2300000, guid: 5f3cb49fc6a3c4d15ac31988df3817fd,
    type: 2}
  m_PrefabInternal: {fileID: 130}
  m_GameObject: {fileID: 23}
  m_Enabled: 1
  m_CastShadows: 1
  m_ReceiveShadows: 1
  m_LightmapIndex: 255
  m_LightmapTilingOffset: {x: 1, y: 1, z: 0, w: 0}
  m_Materials:
  - {fileID: 10302, guid: 0000000000000000f000000000000000, type: 0}
  m_SubsetIndices: 
  m_StaticBatchRoot: {fileID: 0}
  m_UseLightProbes: 0
  m_LightProbeAnchor: {fileID: 0}
  m_ScaleInLightmap: 1
  m_SortingLayerID: 0
  m_SortingOrder: 0
--- !u!23 &67
Renderer:
  m_ObjectHideFlags: 0
  m_PrefabParentObject: {fileID: 2300002, guid: 5f3cb49fc6a3c4d15ac31988df3817fd,
    type: 2}
  m_PrefabInternal: {fileID: 130}
  m_GameObject: {fileID: 25}
  m_Enabled: 1
  m_CastShadows: 1
  m_ReceiveShadows: 1
  m_LightmapIndex: 255
  m_LightmapTilingOffset: {x: 1, y: 1, z: 0, w: 0}
  m_Materials:
  - {fileID: 2100000, guid: 4c4302d6e018240c2a8c7c7489401e3a, type: 2}
  m_SubsetIndices: 
  m_StaticBatchRoot: {fileID: 0}
  m_UseLightProbes: 0
  m_LightProbeAnchor: {fileID: 0}
  m_ScaleInLightmap: 1
  m_SortingLayerID: 0
  m_SortingOrder: 0
--- !u!23 &68
Renderer:
  m_ObjectHideFlags: 0
  m_PrefabParentObject: {fileID: 2300004, guid: 5f3cb49fc6a3c4d15ac31988df3817fd,
    type: 2}
  m_PrefabInternal: {fileID: 130}
  m_GameObject: {fileID: 24}
  m_Enabled: 1
  m_CastShadows: 1
  m_ReceiveShadows: 1
  m_LightmapIndex: 255
  m_LightmapTilingOffset: {x: 1, y: 1, z: 0, w: 0}
  m_Materials:
  - {fileID: 10302, guid: 0000000000000000f000000000000000, type: 0}
  m_SubsetIndices: 
  m_StaticBatchRoot: {fileID: 0}
  m_UseLightProbes: 0
  m_LightProbeAnchor: {fileID: 0}
  m_ScaleInLightmap: 1
  m_SortingLayerID: 0
  m_SortingOrder: 0
--- !u!23 &69
Renderer:
  m_ObjectHideFlags: 0
  m_PrefabParentObject: {fileID: 2300006, guid: 5f3cb49fc6a3c4d15ac31988df3817fd,
    type: 2}
  m_PrefabInternal: {fileID: 130}
  m_GameObject: {fileID: 22}
  m_Enabled: 1
  m_CastShadows: 1
  m_ReceiveShadows: 1
  m_LightmapIndex: 255
  m_LightmapTilingOffset: {x: 1, y: 1, z: 0, w: 0}
  m_Materials:
  - {fileID: 10302, guid: 0000000000000000f000000000000000, type: 0}
  m_SubsetIndices: 
  m_StaticBatchRoot: {fileID: 0}
  m_UseLightProbes: 0
  m_LightProbeAnchor: {fileID: 0}
  m_ScaleInLightmap: 1
  m_SortingLayerID: 0
  m_SortingOrder: 0
--- !u!23 &70
Renderer:
  m_ObjectHideFlags: 0
  m_PrefabParentObject: {fileID: 2300008, guid: 5f3cb49fc6a3c4d15ac31988df3817fd,
    type: 2}
  m_PrefabInternal: {fileID: 130}
  m_GameObject: {fileID: 21}
  m_Enabled: 1
  m_CastShadows: 1
  m_ReceiveShadows: 1
  m_LightmapIndex: 255
  m_LightmapTilingOffset: {x: 1, y: 1, z: 0, w: 0}
  m_Materials:
  - {fileID: 10302, guid: 0000000000000000f000000000000000, type: 0}
  m_SubsetIndices: 
  m_StaticBatchRoot: {fileID: 0}
  m_UseLightProbes: 0
  m_LightProbeAnchor: {fileID: 0}
  m_ScaleInLightmap: 1
  m_SortingLayerID: 0
  m_SortingOrder: 0
--- !u!23 &71
Renderer:
  m_ObjectHideFlags: 0
  m_PrefabParentObject: {fileID: 2300010, guid: 5f3cb49fc6a3c4d15ac31988df3817fd,
    type: 2}
  m_PrefabInternal: {fileID: 130}
  m_GameObject: {fileID: 19}
  m_Enabled: 1
  m_CastShadows: 1
  m_ReceiveShadows: 1
  m_LightmapIndex: 255
  m_LightmapTilingOffset: {x: 1, y: 1, z: 0, w: 0}
  m_Materials:
  - {fileID: 2100000, guid: a9eb30fe0bba84d69bcc9accaa2ba259, type: 2}
  m_SubsetIndices: 
  m_StaticBatchRoot: {fileID: 0}
  m_UseLightProbes: 0
  m_LightProbeAnchor: {fileID: 0}
  m_ScaleInLightmap: 1
  m_SortingLayerID: 0
  m_SortingOrder: 0
--- !u!23 &72
Renderer:
  m_ObjectHideFlags: 0
  m_PrefabParentObject: {fileID: 2300012, guid: 5f3cb49fc6a3c4d15ac31988df3817fd,
    type: 2}
  m_PrefabInternal: {fileID: 130}
  m_GameObject: {fileID: 18}
  m_Enabled: 1
  m_CastShadows: 1
  m_ReceiveShadows: 1
  m_LightmapIndex: 255
  m_LightmapTilingOffset: {x: 1, y: 1, z: 0, w: 0}
  m_Materials:
  - {fileID: 2100000, guid: 813c05b19f31047c2bb1c883c66f67f6, type: 2}
  m_SubsetIndices: 
  m_StaticBatchRoot: {fileID: 0}
  m_UseLightProbes: 0
  m_LightProbeAnchor: {fileID: 0}
  m_ScaleInLightmap: 1
  m_SortingLayerID: 0
  m_SortingOrder: 0
--- !u!23 &73
Renderer:
  m_ObjectHideFlags: 0
  m_PrefabParentObject: {fileID: 2300014, guid: 5f3cb49fc6a3c4d15ac31988df3817fd,
    type: 2}
  m_PrefabInternal: {fileID: 130}
  m_GameObject: {fileID: 15}
  m_Enabled: 1
  m_CastShadows: 1
  m_ReceiveShadows: 1
  m_LightmapIndex: 255
  m_LightmapTilingOffset: {x: 1, y: 1, z: 0, w: 0}
  m_Materials:
  - {fileID: 2100000, guid: 19294e170ffc0478499191b59955b80c, type: 2}
  m_SubsetIndices: 
  m_StaticBatchRoot: {fileID: 0}
  m_UseLightProbes: 0
  m_LightProbeAnchor: {fileID: 0}
  m_ScaleInLightmap: 1
  m_SortingLayerID: 0
  m_SortingOrder: 0
--- !u!23 &74
Renderer:
  m_ObjectHideFlags: 0
  m_PrefabParentObject: {fileID: 2300016, guid: 5f3cb49fc6a3c4d15ac31988df3817fd,
    type: 2}
  m_PrefabInternal: {fileID: 130}
  m_GameObject: {fileID: 11}
  m_Enabled: 1
  m_CastShadows: 1
  m_ReceiveShadows: 1
  m_LightmapIndex: 255
  m_LightmapTilingOffset: {x: 1, y: 1, z: 0, w: 0}
  m_Materials:
  - {fileID: 2100000, guid: 4d8c429ab31f64afb9d980bdb0f63c9f, type: 2}
  m_SubsetIndices: 
  m_StaticBatchRoot: {fileID: 0}
  m_UseLightProbes: 0
  m_LightProbeAnchor: {fileID: 0}
  m_ScaleInLightmap: 1
  m_SortingLayerID: 0
  m_SortingOrder: 0
--- !u!23 &75
Renderer:
  m_ObjectHideFlags: 0
  m_PrefabParentObject: {fileID: 2300018, guid: 5f3cb49fc6a3c4d15ac31988df3817fd,
    type: 2}
  m_PrefabInternal: {fileID: 130}
  m_GameObject: {fileID: 14}
  m_Enabled: 1
  m_CastShadows: 1
  m_ReceiveShadows: 1
  m_LightmapIndex: 255
  m_LightmapTilingOffset: {x: 1, y: 1, z: 0, w: 0}
  m_Materials:
  - {fileID: 2100000, guid: 3fdff3bbfde744c7a81bcd96d4011247, type: 2}
  m_SubsetIndices: 
  m_StaticBatchRoot: {fileID: 0}
  m_UseLightProbes: 0
  m_LightProbeAnchor: {fileID: 0}
  m_ScaleInLightmap: 1
  m_SortingLayerID: 0
  m_SortingOrder: 0
--- !u!23 &76
Renderer:
  m_ObjectHideFlags: 0
  m_PrefabParentObject: {fileID: 2300020, guid: 5f3cb49fc6a3c4d15ac31988df3817fd,
    type: 2}
  m_PrefabInternal: {fileID: 130}
  m_GameObject: {fileID: 9}
  m_Enabled: 1
  m_CastShadows: 1
  m_ReceiveShadows: 1
  m_LightmapIndex: 255
  m_LightmapTilingOffset: {x: 1, y: 1, z: 0, w: 0}
  m_Materials:
  - {fileID: 2100000, guid: 66cf788e62d4c4f5294ebfa13449337e, type: 2}
  m_SubsetIndices: 
  m_StaticBatchRoot: {fileID: 0}
  m_UseLightProbes: 0
  m_LightProbeAnchor: {fileID: 0}
  m_ScaleInLightmap: 1
  m_SortingLayerID: 0
  m_SortingOrder: 0
--- !u!23 &77
Renderer:
  m_ObjectHideFlags: 0
  m_PrefabParentObject: {fileID: 2300022, guid: 5f3cb49fc6a3c4d15ac31988df3817fd,
    type: 2}
  m_PrefabInternal: {fileID: 130}
  m_GameObject: {fileID: 6}
  m_Enabled: 1
  m_CastShadows: 1
  m_ReceiveShadows: 1
  m_LightmapIndex: 255
  m_LightmapTilingOffset: {x: 1, y: 1, z: 0, w: 0}
  m_Materials:
  - {fileID: 2100000, guid: 55d5ff852e32748749dcf6f11a5eacdc, type: 2}
  m_SubsetIndices: 
  m_StaticBatchRoot: {fileID: 0}
  m_UseLightProbes: 0
  m_LightProbeAnchor: {fileID: 0}
  m_ScaleInLightmap: 1
  m_SortingLayerID: 0
  m_SortingOrder: 0
--- !u!23 &78
Renderer:
  m_ObjectHideFlags: 0
  m_PrefabParentObject: {fileID: 2300024, guid: 5f3cb49fc6a3c4d15ac31988df3817fd,
    type: 2}
  m_PrefabInternal: {fileID: 130}
  m_GameObject: {fileID: 16}
  m_Enabled: 1
  m_CastShadows: 1
  m_ReceiveShadows: 1
  m_LightmapIndex: 255
  m_LightmapTilingOffset: {x: 1, y: 1, z: 0, w: 0}
  m_Materials:
  - {fileID: 2100000, guid: 05ceebf9c66df40b5adee8df545f6ba8, type: 2}
  m_SubsetIndices: 
  m_StaticBatchRoot: {fileID: 0}
  m_UseLightProbes: 0
  m_LightProbeAnchor: {fileID: 0}
  m_ScaleInLightmap: 1
  m_SortingLayerID: 0
  m_SortingOrder: 0
--- !u!23 &79
Renderer:
  m_ObjectHideFlags: 0
  m_PrefabParentObject: {fileID: 2300026, guid: 5f3cb49fc6a3c4d15ac31988df3817fd,
    type: 2}
  m_PrefabInternal: {fileID: 130}
  m_GameObject: {fileID: 17}
  m_Enabled: 1
  m_CastShadows: 1
  m_ReceiveShadows: 1
  m_LightmapIndex: 255
  m_LightmapTilingOffset: {x: 1, y: 1, z: 0, w: 0}
  m_Materials:
  - {fileID: 2100000, guid: a494fae78ac8e4b1c9a236c851cf2749, type: 2}
  m_SubsetIndices: 
  m_StaticBatchRoot: {fileID: 0}
  m_UseLightProbes: 0
  m_LightProbeAnchor: {fileID: 0}
  m_ScaleInLightmap: 1
  m_SortingLayerID: 0
  m_SortingOrder: 0
--- !u!23 &80
Renderer:
  m_ObjectHideFlags: 0
  m_PrefabParentObject: {fileID: 2300028, guid: 5f3cb49fc6a3c4d15ac31988df3817fd,
    type: 2}
  m_PrefabInternal: {fileID: 130}
  m_GameObject: {fileID: 13}
  m_Enabled: 1
  m_CastShadows: 1
  m_ReceiveShadows: 1
  m_LightmapIndex: 255
  m_LightmapTilingOffset: {x: 1, y: 1, z: 0, w: 0}
  m_Materials:
  - {fileID: 2100000, guid: 27b49ed8295114398973bc7d818568bc, type: 2}
  m_SubsetIndices: 
  m_StaticBatchRoot: {fileID: 0}
  m_UseLightProbes: 0
  m_LightProbeAnchor: {fileID: 0}
  m_ScaleInLightmap: 1
  m_SortingLayerID: 0
  m_SortingOrder: 0
--- !u!23 &81
Renderer:
  m_ObjectHideFlags: 0
  m_PrefabParentObject: {fileID: 2300030, guid: 5f3cb49fc6a3c4d15ac31988df3817fd,
    type: 2}
  m_PrefabInternal: {fileID: 130}
  m_GameObject: {fileID: 8}
  m_Enabled: 1
  m_CastShadows: 1
  m_ReceiveShadows: 1
  m_LightmapIndex: 255
  m_LightmapTilingOffset: {x: 1, y: 1, z: 0, w: 0}
  m_Materials:
  - {fileID: 2100000, guid: e4d19d3e8a39c4fefa62f3882980d6dc, type: 2}
  m_SubsetIndices: 
  m_StaticBatchRoot: {fileID: 0}
  m_UseLightProbes: 0
  m_LightProbeAnchor: {fileID: 0}
  m_ScaleInLightmap: 1
  m_SortingLayerID: 0
  m_SortingOrder: 0
--- !u!23 &82
Renderer:
  m_ObjectHideFlags: 0
  m_PrefabParentObject: {fileID: 2300032, guid: 5f3cb49fc6a3c4d15ac31988df3817fd,
    type: 2}
  m_PrefabInternal: {fileID: 130}
  m_GameObject: {fileID: 12}
  m_Enabled: 1
  m_CastShadows: 1
  m_ReceiveShadows: 1
  m_LightmapIndex: 255
  m_LightmapTilingOffset: {x: 1, y: 1, z: 0, w: 0}
  m_Materials:
  - {fileID: 2100000, guid: 04f618a0cd73c43dda33b6c2de4c4119, type: 2}
  m_SubsetIndices: 
  m_StaticBatchRoot: {fileID: 0}
  m_UseLightProbes: 0
  m_LightProbeAnchor: {fileID: 0}
  m_ScaleInLightmap: 1
  m_SortingLayerID: 0
  m_SortingOrder: 0
--- !u!23 &83
Renderer:
  m_ObjectHideFlags: 0
  m_PrefabParentObject: {fileID: 2300034, guid: 5f3cb49fc6a3c4d15ac31988df3817fd,
    type: 2}
  m_PrefabInternal: {fileID: 130}
  m_GameObject: {fileID: 20}
  m_Enabled: 1
  m_CastShadows: 1
  m_ReceiveShadows: 1
  m_LightmapIndex: 255
  m_LightmapTilingOffset: {x: 1, y: 1, z: 0, w: 0}
  m_Materials:
  - {fileID: 2100000, guid: c15f25581aee84f738b8c30fed33a487, type: 2}
  m_SubsetIndices: 
  m_StaticBatchRoot: {fileID: 0}
  m_UseLightProbes: 0
  m_LightProbeAnchor: {fileID: 0}
  m_ScaleInLightmap: 1
  m_SortingLayerID: 0
  m_SortingOrder: 0
--- !u!23 &84
Renderer:
  m_ObjectHideFlags: 0
  m_PrefabParentObject: {fileID: 2300036, guid: 5f3cb49fc6a3c4d15ac31988df3817fd,
    type: 2}
  m_PrefabInternal: {fileID: 130}
  m_GameObject: {fileID: 5}
  m_Enabled: 1
  m_CastShadows: 1
  m_ReceiveShadows: 1
  m_LightmapIndex: 255
  m_LightmapTilingOffset: {x: 1, y: 1, z: 0, w: 0}
  m_Materials:
  - {fileID: 2100000, guid: 55d5ff852e32748749dcf6f11a5eacdc, type: 2}
  m_SubsetIndices: 
  m_StaticBatchRoot: {fileID: 0}
  m_UseLightProbes: 0
  m_LightProbeAnchor: {fileID: 0}
  m_ScaleInLightmap: 1
  m_SortingLayerID: 0
  m_SortingOrder: 0
--- !u!23 &85
Renderer:
  m_ObjectHideFlags: 0
  m_PrefabParentObject: {fileID: 2300038, guid: 5f3cb49fc6a3c4d15ac31988df3817fd,
    type: 2}
  m_PrefabInternal: {fileID: 130}
  m_GameObject: {fileID: 10}
  m_Enabled: 1
  m_CastShadows: 1
  m_ReceiveShadows: 1
  m_LightmapIndex: 255
  m_LightmapTilingOffset: {x: 1, y: 1, z: 0, w: 0}
  m_Materials:
  - {fileID: 2100000, guid: 61f651887896340bbb244c7a4ac1aa97, type: 2}
  m_SubsetIndices: 
  m_StaticBatchRoot: {fileID: 0}
  m_UseLightProbes: 0
  m_LightProbeAnchor: {fileID: 0}
  m_ScaleInLightmap: 1
  m_SortingLayerID: 0
  m_SortingOrder: 0
--- !u!23 &86
Renderer:
  m_ObjectHideFlags: 0
  m_PrefabParentObject: {fileID: 2300040, guid: 5f3cb49fc6a3c4d15ac31988df3817fd,
    type: 2}
  m_PrefabInternal: {fileID: 130}
  m_GameObject: {fileID: 7}
  m_Enabled: 1
  m_CastShadows: 1
  m_ReceiveShadows: 1
  m_LightmapIndex: 255
  m_LightmapTilingOffset: {x: 1, y: 1, z: 0, w: 0}
  m_Materials:
  - {fileID: 2100000, guid: bd50c450fef0c4412b6fce20c14ea57e, type: 2}
  m_SubsetIndices: 
  m_StaticBatchRoot: {fileID: 0}
  m_UseLightProbes: 0
  m_LightProbeAnchor: {fileID: 0}
  m_ScaleInLightmap: 1
  m_SortingLayerID: 0
  m_SortingOrder: 0
--- !u!23 &87
Renderer:
  m_ObjectHideFlags: 0
  m_PrefabParentObject: {fileID: 0}
  m_PrefabInternal: {fileID: 0}
  m_GameObject: {fileID: 29}
  m_Enabled: 1
  m_CastShadows: 1
  m_ReceiveShadows: 1
  m_LightmapIndex: 255
  m_LightmapTilingOffset: {x: 1, y: 1, z: 0, w: 0}
  m_Materials:
  - {fileID: 10302, guid: 0000000000000000f000000000000000, type: 0}
  m_SubsetIndices: 
  m_StaticBatchRoot: {fileID: 0}
  m_UseLightProbes: 0
  m_LightProbeAnchor: {fileID: 0}
  m_ScaleInLightmap: 1
  m_SortingLayerID: 0
  m_SortingOrder: 0
--- !u!33 &88
MeshFilter:
  m_ObjectHideFlags: 0
  m_PrefabParentObject: {fileID: 3300000, guid: 5f3cb49fc6a3c4d15ac31988df3817fd,
    type: 2}
  m_PrefabInternal: {fileID: 130}
  m_GameObject: {fileID: 23}
  m_Mesh: {fileID: 4300054, guid: fcd35df84d6a64360b1addf46fc2f709, type: 3}
--- !u!33 &89
MeshFilter:
  m_ObjectHideFlags: 0
  m_PrefabParentObject: {fileID: 3300002, guid: 5f3cb49fc6a3c4d15ac31988df3817fd,
    type: 2}
  m_PrefabInternal: {fileID: 130}
  m_GameObject: {fileID: 25}
  m_Mesh: {fileID: 4300050, guid: fcd35df84d6a64360b1addf46fc2f709, type: 3}
--- !u!33 &90
MeshFilter:
  m_ObjectHideFlags: 0
  m_PrefabParentObject: {fileID: 3300004, guid: 5f3cb49fc6a3c4d15ac31988df3817fd,
    type: 2}
  m_PrefabInternal: {fileID: 130}
  m_GameObject: {fileID: 24}
  m_Mesh: {fileID: 4300052, guid: fcd35df84d6a64360b1addf46fc2f709, type: 3}
--- !u!33 &91
MeshFilter:
  m_ObjectHideFlags: 0
  m_PrefabParentObject: {fileID: 3300006, guid: 5f3cb49fc6a3c4d15ac31988df3817fd,
    type: 2}
  m_PrefabInternal: {fileID: 130}
  m_GameObject: {fileID: 22}
  m_Mesh: {fileID: 4300056, guid: fcd35df84d6a64360b1addf46fc2f709, type: 3}
--- !u!33 &92
MeshFilter:
  m_ObjectHideFlags: 0
  m_PrefabParentObject: {fileID: 3300008, guid: 5f3cb49fc6a3c4d15ac31988df3817fd,
    type: 2}
  m_PrefabInternal: {fileID: 130}
  m_GameObject: {fileID: 21}
  m_Mesh: {fileID: 4300058, guid: fcd35df84d6a64360b1addf46fc2f709, type: 3}
--- !u!33 &93
MeshFilter:
  m_ObjectHideFlags: 0
  m_PrefabParentObject: {fileID: 3300010, guid: 5f3cb49fc6a3c4d15ac31988df3817fd,
    type: 2}
  m_PrefabInternal: {fileID: 130}
  m_GameObject: {fileID: 19}
  m_Mesh: {fileID: 4300040, guid: fcd35df84d6a64360b1addf46fc2f709, type: 3}
--- !u!33 &94
MeshFilter:
  m_ObjectHideFlags: 0
  m_PrefabParentObject: {fileID: 3300012, guid: 5f3cb49fc6a3c4d15ac31988df3817fd,
    type: 2}
  m_PrefabInternal: {fileID: 130}
  m_GameObject: {fileID: 18}
  m_Mesh: {fileID: 4300042, guid: fcd35df84d6a64360b1addf46fc2f709, type: 3}
--- !u!33 &95
MeshFilter:
  m_ObjectHideFlags: 0
  m_PrefabParentObject: {fileID: 3300014, guid: 5f3cb49fc6a3c4d15ac31988df3817fd,
    type: 2}
  m_PrefabInternal: {fileID: 130}
  m_GameObject: {fileID: 15}
  m_Mesh: {fileID: 4300048, guid: fcd35df84d6a64360b1addf46fc2f709, type: 3}
--- !u!33 &96
MeshFilter:
  m_ObjectHideFlags: 0
  m_PrefabParentObject: {fileID: 3300016, guid: 5f3cb49fc6a3c4d15ac31988df3817fd,
    type: 2}
  m_PrefabInternal: {fileID: 130}
  m_GameObject: {fileID: 11}
  m_Mesh: {fileID: 4300026, guid: fcd35df84d6a64360b1addf46fc2f709, type: 3}
--- !u!33 &97
MeshFilter:
  m_ObjectHideFlags: 0
  m_PrefabParentObject: {fileID: 3300018, guid: 5f3cb49fc6a3c4d15ac31988df3817fd,
    type: 2}
  m_PrefabInternal: {fileID: 130}
  m_GameObject: {fileID: 14}
  m_Mesh: {fileID: 4300020, guid: fcd35df84d6a64360b1addf46fc2f709, type: 3}
--- !u!33 &98
MeshFilter:
  m_ObjectHideFlags: 0
  m_PrefabParentObject: {fileID: 3300020, guid: 5f3cb49fc6a3c4d15ac31988df3817fd,
    type: 2}
  m_PrefabInternal: {fileID: 130}
  m_GameObject: {fileID: 9}
  m_Mesh: {fileID: 4300006, guid: fcd35df84d6a64360b1addf46fc2f709, type: 3}
--- !u!33 &99
MeshFilter:
  m_ObjectHideFlags: 0
  m_PrefabParentObject: {fileID: 3300022, guid: 5f3cb49fc6a3c4d15ac31988df3817fd,
    type: 2}
  m_PrefabInternal: {fileID: 130}
  m_GameObject: {fileID: 6}
  m_Mesh: {fileID: 4300016, guid: fcd35df84d6a64360b1addf46fc2f709, type: 3}
--- !u!33 &100
MeshFilter:
  m_ObjectHideFlags: 0
  m_PrefabParentObject: {fileID: 3300024, guid: 5f3cb49fc6a3c4d15ac31988df3817fd,
    type: 2}
  m_PrefabInternal: {fileID: 130}
  m_GameObject: {fileID: 16}
  m_Mesh: {fileID: 4300046, guid: fcd35df84d6a64360b1addf46fc2f709, type: 3}
--- !u!33 &101
MeshFilter:
  m_ObjectHideFlags: 0
  m_PrefabParentObject: {fileID: 3300026, guid: 5f3cb49fc6a3c4d15ac31988df3817fd,
    type: 2}
  m_PrefabInternal: {fileID: 130}
  m_GameObject: {fileID: 17}
  m_Mesh: {fileID: 4300044, guid: fcd35df84d6a64360b1addf46fc2f709, type: 3}
--- !u!33 &102
MeshFilter:
  m_ObjectHideFlags: 0
  m_PrefabParentObject: {fileID: 3300028, guid: 5f3cb49fc6a3c4d15ac31988df3817fd,
    type: 2}
  m_PrefabInternal: {fileID: 130}
  m_GameObject: {fileID: 13}
  m_Mesh: {fileID: 4300022, guid: fcd35df84d6a64360b1addf46fc2f709, type: 3}
--- !u!33 &103
MeshFilter:
  m_ObjectHideFlags: 0
  m_PrefabParentObject: {fileID: 3300030, guid: 5f3cb49fc6a3c4d15ac31988df3817fd,
    type: 2}
  m_PrefabInternal: {fileID: 130}
  m_GameObject: {fileID: 8}
  m_Mesh: {fileID: 4300004, guid: fcd35df84d6a64360b1addf46fc2f709, type: 3}
--- !u!33 &104
MeshFilter:
  m_ObjectHideFlags: 0
  m_PrefabParentObject: {fileID: 3300032, guid: 5f3cb49fc6a3c4d15ac31988df3817fd,
    type: 2}
  m_PrefabInternal: {fileID: 130}
  m_GameObject: {fileID: 12}
  m_Mesh: {fileID: 4300024, guid: fcd35df84d6a64360b1addf46fc2f709, type: 3}
--- !u!33 &105
MeshFilter:
  m_ObjectHideFlags: 0
  m_PrefabParentObject: {fileID: 3300034, guid: 5f3cb49fc6a3c4d15ac31988df3817fd,
    type: 2}
  m_PrefabInternal: {fileID: 130}
  m_GameObject: {fileID: 20}
  m_Mesh: {fileID: 4300038, guid: fcd35df84d6a64360b1addf46fc2f709, type: 3}
--- !u!33 &106
MeshFilter:
  m_ObjectHideFlags: 0
  m_PrefabParentObject: {fileID: 3300036, guid: 5f3cb49fc6a3c4d15ac31988df3817fd,
    type: 2}
  m_PrefabInternal: {fileID: 130}
  m_GameObject: {fileID: 5}
  m_Mesh: {fileID: 4300018, guid: fcd35df84d6a64360b1addf46fc2f709, type: 3}
--- !u!33 &107
MeshFilter:
  m_ObjectHideFlags: 0
  m_PrefabParentObject: {fileID: 3300038, guid: 5f3cb49fc6a3c4d15ac31988df3817fd,
    type: 2}
  m_PrefabInternal: {fileID: 130}
  m_GameObject: {fileID: 10}
  m_Mesh: {fileID: 4300002, guid: fcd35df84d6a64360b1addf46fc2f709, type: 3}
--- !u!33 &108
MeshFilter:
  m_ObjectHideFlags: 0
  m_PrefabParentObject: {fileID: 3300040, guid: 5f3cb49fc6a3c4d15ac31988df3817fd,
    type: 2}
  m_PrefabInternal: {fileID: 130}
  m_GameObject: {fileID: 7}
  m_Mesh: {fileID: 4300014, guid: fcd35df84d6a64360b1addf46fc2f709, type: 3}
--- !u!33 &109
MeshFilter:
  m_ObjectHideFlags: 0
  m_PrefabParentObject: {fileID: 0}
  m_PrefabInternal: {fileID: 0}
  m_GameObject: {fileID: 29}
  m_Mesh: {fileID: 10209, guid: 0000000000000000e000000000000000, type: 0}
--- !u!64 &110
MeshCollider:
  m_ObjectHideFlags: 0
  m_PrefabParentObject: {fileID: 0}
  m_PrefabInternal: {fileID: 0}
  m_GameObject: {fileID: 29}
  m_Material: {fileID: 0}
  m_IsTrigger: 0
  m_Enabled: 1
  serializedVersion: 2
  m_SmoothSphereCollisions: 0
  m_Convex: 0
  m_Mesh: {fileID: 10209, guid: 0000000000000000e000000000000000, type: 0}
--- !u!81 &111
AudioListener:
  m_ObjectHideFlags: 0
  m_PrefabParentObject: {fileID: 0}
  m_PrefabInternal: {fileID: 0}
  m_GameObject: {fileID: 34}
  m_Enabled: 1
--- !u!82 &112
AudioSource:
  m_ObjectHideFlags: 0
  m_PrefabParentObject: {fileID: 8200000, guid: 5f3cb49fc6a3c4d15ac31988df3817fd,
    type: 2}
  m_PrefabInternal: {fileID: 130}
  m_GameObject: {fileID: 26}
  m_Enabled: 1
  serializedVersion: 3
  m_audioClip: {fileID: 0}
  m_PlayOnAwake: 0
  m_Volume: 1
  m_Pitch: 1
  Loop: 0
  Mute: 0
  Priority: 128
  DopplerLevel: 1
  MinDistance: 0
  MaxDistance: 500
  Pan2D: 0
  rolloffMode: 2
  BypassEffects: 0
  BypassListenerEffects: 0
  BypassReverbZones: 0
  rolloffCustomCurve:
    serializedVersion: 2
    m_Curve:
    - time: 0
      value: 1
      inSlope: Infinity
      outSlope: Infinity
      tangentMode: 0
    - time: .00245492556
      value: .996753275
      inSlope: 0
      outSlope: 0
      tangentMode: 0
    - time: .109756172
      value: 0
      inSlope: -9.28929901
      outSlope: -9.28929901
      tangentMode: 10
    m_PreInfinity: 2
    m_PostInfinity: 2
  panLevelCustomCurve:
    serializedVersion: 2
    m_Curve:
    - time: 0
      value: 1
      inSlope: 0
      outSlope: 0
      tangentMode: 0
    m_PreInfinity: 2
    m_PostInfinity: 2
  spreadCustomCurve:
    serializedVersion: 2
    m_Curve:
    - time: 0
      value: 0
      inSlope: 0
      outSlope: 0
      tangentMode: 0
    m_PreInfinity: 2
    m_PostInfinity: 2
--- !u!92 &113
Behaviour:
  m_ObjectHideFlags: 0
  m_PrefabParentObject: {fileID: 0}
  m_PrefabInternal: {fileID: 0}
  m_GameObject: {fileID: 34}
  m_Enabled: 1
--- !u!108 &114
Light:
  m_ObjectHideFlags: 0
  m_PrefabParentObject: {fileID: 0}
  m_PrefabInternal: {fileID: 0}
  m_GameObject: {fileID: 27}
  m_Enabled: 1
  serializedVersion: 3
  m_Type: 2
  m_Color: {r: .799034297, g: .706512749, b: .910052896, a: 1}
  m_Intensity: .606983423
  m_Range: 10
  m_SpotAngle: 30
  m_CookieSize: 10
  m_Shadows:
    m_Type: 0
    m_Resolution: -1
    m_Strength: 1
    m_Bias: .0500000007
    m_Softness: 4
    m_SoftnessFade: 1
  m_Cookie: {fileID: 0}
  m_DrawHalo: 0
  m_ActuallyLightmapped: 1
  m_Flare: {fileID: 0}
  m_RenderMode: 0
  m_CullingMask:
    serializedVersion: 2
    m_Bits: 4294967295
  m_Lightmapping: 1
  m_ShadowSamples: 1
  m_ShadowRadius: 0
  m_ShadowAngle: 0
  m_IndirectIntensity: 1
  m_AreaSize: {x: 1, y: 1}
--- !u!108 &115
Light:
  m_ObjectHideFlags: 0
  m_PrefabParentObject: {fileID: 0}
  m_PrefabInternal: {fileID: 0}
  m_GameObject: {fileID: 28}
  m_Enabled: 1
  serializedVersion: 3
  m_Type: 2
  m_Color: {r: .799034297, g: .706512749, b: .910052896, a: 1}
  m_Intensity: .932330847
  m_Range: 10
  m_SpotAngle: 30
  m_CookieSize: 10
  m_Shadows:
    m_Type: 2
    m_Resolution: -1
    m_Strength: 1
    m_Bias: .0500000007
    m_Softness: 4
    m_SoftnessFade: 1
  m_Cookie: {fileID: 0}
  m_DrawHalo: 0
  m_ActuallyLightmapped: 1
  m_Flare: {fileID: 0}
  m_RenderMode: 0
  m_CullingMask:
    serializedVersion: 2
    m_Bits: 4294967295
  m_Lightmapping: 1
  m_ShadowSamples: 1
  m_ShadowRadius: 0
  m_ShadowAngle: 0
  m_IndirectIntensity: 1
  m_AreaSize: {x: 1, y: 1}
--- !u!108 &116
Light:
  m_ObjectHideFlags: 0
  m_PrefabParentObject: {fileID: 0}
  m_PrefabInternal: {fileID: 0}
  m_GameObject: {fileID: 31}
  m_Enabled: 1
  serializedVersion: 3
  m_Type: 0
  m_Color: {r: 1, g: 1, b: 1, a: 1}
  m_Intensity: 0
  m_Range: 11.0203495
  m_SpotAngle: 74.2941208
  m_CookieSize: 10
  m_Shadows:
    m_Type: 2
    m_Resolution: 2
    m_Strength: 1
    m_Bias: 0
    m_Softness: 2.68449187
    m_SoftnessFade: 1
  m_Cookie: {fileID: 0}
  m_DrawHalo: 0
  m_ActuallyLightmapped: 1
  m_Flare: {fileID: 0}
  m_RenderMode: 0
  m_CullingMask:
    serializedVersion: 2
    m_Bits: 4294967295
  m_Lightmapping: 1
  m_ShadowSamples: 1
  m_ShadowRadius: 0
  m_ShadowAngle: 0
  m_IndirectIntensity: 1
  m_AreaSize: {x: 1, y: 1}
--- !u!108 &117
Light:
  m_ObjectHideFlags: 0
  m_PrefabParentObject: {fileID: 0}
  m_PrefabInternal: {fileID: 0}
  m_GameObject: {fileID: 32}
  m_Enabled: 1
  serializedVersion: 3
  m_Type: 2
  m_Color: {r: 1, g: 1, b: 1, a: 1}
  m_Intensity: 1
  m_Range: 21.2754021
  m_SpotAngle: 30
  m_CookieSize: 10
  m_Shadows:
    m_Type: 0
    m_Resolution: -1
    m_Strength: 1
    m_Bias: .0500000007
    m_Softness: 4
    m_SoftnessFade: 1
  m_Cookie: {fileID: 0}
  m_DrawHalo: 0
  m_ActuallyLightmapped: 0
  m_Flare: {fileID: 0}
  m_RenderMode: 0
  m_CullingMask:
    serializedVersion: 2
    m_Bits: 4294967295
  m_Lightmapping: 1
  m_ShadowSamples: 1
  m_ShadowRadius: 0
  m_ShadowAngle: 0
  m_IndirectIntensity: 1
  m_AreaSize: {x: 1, y: 1}
--- !u!108 &118
Light:
  m_ObjectHideFlags: 0
  m_PrefabParentObject: {fileID: 0}
  m_PrefabInternal: {fileID: 0}
  m_GameObject: {fileID: 33}
  m_Enabled: 0
  serializedVersion: 3
  m_Type: 1
  m_Color: {r: .989583313, g: 1, b: .979166687, a: 1}
  m_Intensity: .699999988
  m_Range: 10
  m_SpotAngle: 30
  m_CookieSize: 10
  m_Shadows:
    m_Type: 2
    m_Resolution: 2
    m_Strength: .467065871
    m_Bias: 0
    m_Softness: 2.15576863
    m_SoftnessFade: 5
  m_Cookie: {fileID: 0}
  m_DrawHalo: 0
  m_ActuallyLightmapped: 0
  m_Flare: {fileID: 0}
  m_RenderMode: 0
  m_CullingMask:
    serializedVersion: 2
    m_Bits: 4294967295
  m_Lightmapping: 1
  m_ShadowSamples: 1
  m_ShadowRadius: 0
  m_ShadowAngle: 0
  m_IndirectIntensity: 1
  m_AreaSize: {x: 1, y: 1}
--- !u!111 &119
Animation:
  m_ObjectHideFlags: 0
  m_PrefabParentObject: {fileID: 11100000, guid: 5f3cb49fc6a3c4d15ac31988df3817fd,
    type: 2}
  m_PrefabInternal: {fileID: 130}
  m_GameObject: {fileID: 26}
  m_Enabled: 1
  serializedVersion: 3
  m_Animation: {fileID: 7400000, guid: dbc55efbfe6044906ad8f0ae8264446b, type: 2}
  m_Animations:
  - {fileID: 7400000, guid: dbc55efbfe6044906ad8f0ae8264446b, type: 2}
  m_WrapMode: 0
  m_PlayAutomatically: 0
  m_AnimatePhysics: 0
  m_CullingType: 0
--- !u!124 &120
Behaviour:
  m_ObjectHideFlags: 0
  m_PrefabParentObject: {fileID: 0}
  m_PrefabInternal: {fileID: 0}
  m_GameObject: {fileID: 34}
  m_Enabled: 1
--- !u!114 &121
MonoBehaviour:
  m_ObjectHideFlags: 0
  m_PrefabParentObject: {fileID: 11400000, guid: 5f3cb49fc6a3c4d15ac31988df3817fd,
    type: 2}
  m_PrefabInternal: {fileID: 130}
  m_GameObject: {fileID: 20}
  m_Enabled: 1
  m_EditorHideFlags: 0
  m_Script: {fileID: 11500000, guid: 598b5d093babf45eaabc53a2702dbd54, type: 3}
  m_Name: 
  m_EditorClassIdentifier: 
  uvAnim: {x: 0, y: 10}
--- !u!114 &122
MonoBehaviour:
  m_ObjectHideFlags: 0
  m_PrefabParentObject: {fileID: 11400002, guid: 5f3cb49fc6a3c4d15ac31988df3817fd,
    type: 2}
  m_PrefabInternal: {fileID: 130}
  m_GameObject: {fileID: 19}
  m_Enabled: 1
  m_EditorHideFlags: 0
  m_Script: {fileID: 11500000, guid: 598b5d093babf45eaabc53a2702dbd54, type: 3}
  m_Name: 
  m_EditorClassIdentifier: 
  uvAnim: {x: 0, y: 10}
--- !u!114 &123
MonoBehaviour:
  m_ObjectHideFlags: 0
  m_PrefabParentObject: {fileID: 11400004, guid: 5f3cb49fc6a3c4d15ac31988df3817fd,
    type: 2}
  m_PrefabInternal: {fileID: 130}
  m_GameObject: {fileID: 18}
  m_Enabled: 1
  m_EditorHideFlags: 0
  m_Script: {fileID: 11500000, guid: 598b5d093babf45eaabc53a2702dbd54, type: 3}
  m_Name: 
  m_EditorClassIdentifier: 
  uvAnim: {x: 0, y: 10}
--- !u!114 &124
MonoBehaviour:
  m_ObjectHideFlags: 0
  m_PrefabParentObject: {fileID: 11400006, guid: 5f3cb49fc6a3c4d15ac31988df3817fd,
    type: 2}
  m_PrefabInternal: {fileID: 130}
  m_GameObject: {fileID: 26}
  m_Enabled: 1
  m_EditorHideFlags: 0
  m_Script: {fileID: 11500000, guid: 2906ddf9d63ef4d199e63148ec1fc692, type: 3}
  m_Name: 
  m_EditorClassIdentifier: 
  resourcesFolderName: Slot_Icons
  icons: []
  startButton: q
  stopButton: e
  slotSpeed: 12
  minSpinSeconds: 1.5
  maxSpinSeconds: 4
  useBackBlendColor: 1
  secFadeColor: {r: 1, g: 0, b: 1, a: 1}
  colorBlendSpeed: 1
  leverPullClip: {fileID: 8300000, guid: 6f73d98d5c29f47e39b64da7e75fe73e, type: 3}
  buttonPress1Clip: {fileID: 8300000, guid: 3afda3abb5d124c5896ce1547751cee9, type: 3}
  buttonPress2Clip: {fileID: 8300000, guid: c23f11369b22d428e819553a1960f475, type: 3}
  rollStopClip: {fileID: 8300000, guid: 2a1f30dba537348e1b3f3c06b10014b9, type: 3}
  lose1Clip: {fileID: 8300000, guid: 04d7faf18df504276a28575ad85f104e, type: 3}
  lose2Clip: {fileID: 8300000, guid: 5b0945b1d3293417fac4c0273f80e39f, type: 3}
  freeGameClip: {fileID: 8300000, guid: 7525e97aaf07b45eba9145ac14620527, type: 3}
  winClip: {fileID: 8300000, guid: 312105dac45ab4d5eb57e2d74422a503, type: 3}
  resetMachineClip: {fileID: 8300000, guid: 8c3d273d5b555453d9ff3aa24ca8ce5c, type: 3}
--- !u!114 &125
MonoBehaviour:
  m_ObjectHideFlags: 0
  m_PrefabParentObject: {fileID: 0}
  m_PrefabInternal: {fileID: 0}
  m_GameObject: {fileID: 34}
  m_Enabled: 1
  m_EditorHideFlags: 0
  m_Script: {fileID: 11500000, guid: b3433daf007994da9a3abeabdb79db4e, type: 3}
  m_Name: 
  m_EditorClassIdentifier: 
--- !u!114 &126
MonoBehaviour:
  m_ObjectHideFlags: 0
  m_PrefabParentObject: {fileID: 0}
  m_PrefabInternal: {fileID: 0}
  m_GameObject: {fileID: 34}
  m_Enabled: 1
  m_EditorHideFlags: 0
  m_Script: {fileID: 11500000, guid: bb27893ca0dde4add9fbac4813875b28, type: 3}
  m_Name: 
  m_EditorClassIdentifier: 
--- !u!114 &127
MonoBehaviour:
  m_ObjectHideFlags: 0
  m_PrefabParentObject: {fileID: 0}
  m_PrefabInternal: {fileID: 0}
  m_GameObject: {fileID: 34}
  m_Enabled: 0
  m_EditorHideFlags: 0
  m_Script: {fileID: 11500000, guid: a0cbd66fb272e4805bdbb4beb41f3bd2, type: 3}
  m_Name: 
  m_EditorClassIdentifier: 
--- !u!114 &128
MonoBehaviour:
  m_ObjectHideFlags: 0
  m_PrefabParentObject: {fileID: 0}
  m_PrefabInternal: {fileID: 0}
  m_GameObject: {fileID: 34}
  m_Enabled: 0
  m_EditorHideFlags: 0
  m_Script: {fileID: 11500000, guid: 1dad87ba4f1e04d6eb7f287e1f2e08fe, type: 3}
  m_Name: 
  m_EditorClassIdentifier: 
--- !u!114 &129
MonoBehaviour:
  m_ObjectHideFlags: 0
  m_PrefabParentObject: {fileID: 0}
  m_PrefabInternal: {fileID: 0}
  m_GameObject: {fileID: 34}
  m_Enabled: 0
  m_EditorHideFlags: 0
  m_Script: {fileID: 11500000, guid: 4a4ee87d1a49a4bffad8e02dc1b07225, type: 3}
  m_Name: 
  m_EditorClassIdentifier: 
--- !u!1001 &130
Prefab:
  m_ObjectHideFlags: 0
  serializedVersion: 2
  m_Modification:
    m_TransformParent: {fileID: 0}
    m_Modifications:
    - target: {fileID: 400034, guid: 5f3cb49fc6a3c4d15ac31988df3817fd, type: 2}
      propertyPath: m_LocalPosition.x
      value: 138.882645
      objectReference: {fileID: 0}
    - target: {fileID: 400034, guid: 5f3cb49fc6a3c4d15ac31988df3817fd, type: 2}
      propertyPath: m_LocalPosition.y
      value: 7.93594837
      objectReference: {fileID: 0}
    - target: {fileID: 400034, guid: 5f3cb49fc6a3c4d15ac31988df3817fd, type: 2}
      propertyPath: m_LocalPosition.z
      value: 156.699478
      objectReference: {fileID: 0}
    m_RemovedComponents: []
  m_ParentPrefab: {fileID: 100100000, guid: 5f3cb49fc6a3c4d15ac31988df3817fd, type: 2}
  m_RootGameObject: {fileID: 26}
  m_IsPrefabParent: 0
  m_IsExploded: 1
--- !u!196 &131
NavMeshSettings:
  m_ObjectHideFlags: 0
  m_BuildSettings:
    agentRadius: .5
    agentHeight: 2
    agentSlope: 45
    agentClimb: .400000006
    ledgeDropHeight: 0
    maxJumpAcrossDistance: 0
    accuratePlacement: 0
    minRegionArea: 2
    widthInaccuracy: 16.666666
    heightInaccuracy: 10
    tileSizeHint: 0
  m_NavMesh: {fileID: 0}
